1834 2967
831 105 1120 143 —114-

273 235 356 276 40.
398 234 471 276 De
507 234 686 276 abbate
720 233 928 275 Daniele
965 235 1016 275 et
1053 233 1262 287 quadam
1299 233 1682 276 sanctimoniali.

271 321 491 408 Ascendit
532 323 652 361 abbas
687 322 819 361 Daniel
862 336 884 361 a
919 321 1018 361 Sithi
1061 335 1140 360 una
1177 335 1266 361 cum
1306 321 1492 373 discipulo
1537 336 1607 361 suo
1642 324 1683 362 in

370 381 608 432 superiorem
628 381 867 420 Thebaidam
896 382 944 420 ad
973 381 1202 420 memoriam
1230 381 1379 420 abbatis
1395 382 1599 432 Apollonii.
1637 383 1687 422 Et

271 440 447 479 exierunt
474 454 611 480 omnes
640 446 767 491 patres
797 440 835 479 in
865 453 1069 479 occursum
1108 440 1188 479 eius
1219 440 1327 490 quasi
1364 440 1485 479 stadia
1523 445 1682 492 septem.

220 501 243 538 5
272 500 392 538 Erant
419 501 523 538 enim
554 500 660 550 quasi
690 499 794 538 milia
823 500 1003 549 quinque.
1060 499 1106 538 Et
1135 504 1215 537 erat
1244 499 1373 538 uidere
1409 512 1473 538 eos
1503 505 1684 539 extensos

272 572 387 609 super
416 572 575 598 arenam
608 559 775 598 iacentes
795 559 834 597 in
867 559 1002 598 faciem
1024 558 1131 608 quasi
1151 559 1308 608 angelos
1327 558 1409 605 Dei,
1439 572 1527 597 cum
1546 559 1684 598 timore

272 632 361 656 eum
390 623 655 669 exspectantes
694 617 801 668 quasi
840 618 1049 657 Christum.
1105 617 1271 665 Quidam
1301 617 1414 666 „enim
1453 618 1685 657 uestimenta

272 690 343 716 sua
371 678 595 716 sternebant
616 682 706 716 ante
725 690 826 724 eum,
857 677 919 715 alii
948 682 1076 716 autem
1098 677 1265 715 cucullas
1295 690 1396 716 suas.
1435 677 1525 715 Erat
1553 677 1684 716 uidere

271 736 444 775 mirabile
481 738 582 786 quod
621 736 918 775 effundebantur
950 736 1106 775 lacrime
1144 735 1252 786 quasi
1280 736 1440 774 flumina
1478 736 1526 775 ab
1563 737 1683 775 oculis

194 795 243 833 10
271 809 416 834 eorum.

377 853 519 894 Exiens
566 867 660 892 uero
709 852 1008 893 archimandrita
1055 853 1228 892 adorauit
1275 852 1427 904 septies,
1475 860 1684 904 antequam

271 913 421 953 ueniret
448 915 495 952 ad
525 926 658 952 senem
687 918 724 951 et
752 914 963 952 salutantes
984 926 1026 951 se
1044 911 1213 951 inuicem
1241 914 1433 952 sederunt.
1491 914 1603 952 Tunc
1622 915 1683 953 de—

271 975 498 1024 precabatur
526 986 616 1011 eum
650 971 782 1010 audire
810 973 977 1011 uerbum
1005 985 1052 1011 ex
1087 985 1153 1010 ore
1186 971 1297 1010 illius.
1353 972 1442 1011 Non
1471 972 1576 1011 enim
1608 973 1683 1012 cito

270 1033 498 1082 loquebatur
528 1045 646 1070 senex
675 1030 797 1070 alicui.
855 1032 954 1070 Cum
983 1036 1113 1070 autem
1141 1030 1329 1070 sedissent
1357 1032 1458 1070 foras
1487 1038 1576 1071 ante
1604 1046 1685 1072 mo-

195 1091 243 1128 15
272 1091 484 1131 nasterium
499 1104 614 1141 super
634 1104 804 1136 arenam,
835 1103 903 1140 pro
918 1103 962 1129 eo
979 1091 1081 1140 quod
1101 1103 1177 1128 non
1200 1096 1351 1141 caperet
1370 1104 1505 1129 omnes
1525 1091 1685 1130 ecclesia

269 1165 336 1202 pre
363 1149 621 1196 multitudine⁷
661 1149 753 1188 dixit
792 1150 911 1188 abbas
940 1148 1074 1188 Daniel
1109 1148 1293 1200 discipulo
1322 1163 1411 1189 suo:
1448 1150 1597 1190 Scribe:
1642 1150 1685 1190 Si

174 1213 197 1246 S
212 1213 252 1247 91
269 1209 386 1249 uultis
407 1208 559 1257 samari,
591 1207 795 1259 sequimini
816 1214 1081 1259 paupertatem
1109 1214 1145 1247 et
1165 1207 1369 1247 silentium.
1391 1206 1406 1259 ΙΙ
1426 1209 1468 1247 In
1497 1208 1559 1248 his
1579 1209 1684 1249 enim

269 1270 419 1308 duabus
447 1268 654 1307 uirtutibus
684 1273 763 1307 tota
792 1269 932 1318 pendet
960 1267 1040 1306 uita
1067 1269 1361 1307 monachorum.
1414 1267 1525 1307 Dedit
1553 1274 1683 1308 autem

269 1328 478 1379 discipulus
506 1327 649 1366 litteras
675 1326 828 1366 cuidam
847 1326 964 1374 fratri,
994 1332 1038 1366 ut
1064 1326 1379 1378 interpretaretur
1408 1341 1472 1366 eas
1501 1327 1681 1367 fratribus

191 1386 242 1424 ΞΟ
270 1387 482 1438 Egyptiace.
522 1388 567 1426 Et
587 1401 677 1426 cum
705 1388 799 1425 lecte
818 1386 981 1425 fuissent
1009 1386 1190 1425 fratribus
1211 1400 1255 1425 ac
1273 1386 1460 1437 patribus,
1489 1387 1682 1427 fleuerunt

269 1461 405 1486 omnes
433 1453 470 1486 et
497 1447 758 1486 ualefecerunt
778 1446 872 1485 seni.
929 1447 1066 1485 Nullus
1095 1446 1199 1485 enim
1218 1445 1451 1498 presumpsit
1481 1446 1605 1486 dicere
1635 1445 1684 1494 ei,

268 1512 311 1545 ut
339 1508 506 1545 facerent
534 1505 742 1545 caritatem.

374 1566 420 1604 Et
449 1579 567 1604 senex
596 1563 758 1604 ueniens
786 1563 825 1603 in
855 1563 1092 1615 Ermopolim
1121 1563 1214 1603 dixit
1243 1563 1428 1615 discipulo
1458 1578 1546 1604 suo:
1578 1565 1683 1604 Vade

268 1627 379 1677 pulsa
401 1624 442 1663 in
467 1623 746 1664 monasterium
768 1623 861 1662 illud
882 1623 1114 1662 feminarum
1137 1629 1173 1662 et
1202 1623 1260 1662 dic
1284 1623 1477 1663 abbatisse
1498 1623 1587 1674 quia
1615 1623 1678 1663 hic

126 1686 254 1720 Κ164γ
273 1698 372 1724 sum.
429 1685 519 1723 Erat
548 1683 653 1723 enim
679 1683 752 1722 illic
781 1682 1059 1722 monasterium
1087 1682 1329 1730 feminarum,
1351 1681 1365 1733 ΙΙ
1387 1685 1488 1733 quod
1517 1683 1683 1734 appella-

269 1750 330 1783 tur
352 1744 474 1783 sancti
495 1742 697 1782 Hieremie.
728 1742 965 1781 Habitabant
993 1741 1097 1781 enim
1115 1741 1168 1781 ibi
1197 1741 1306 1792 quasi
1327 1748 1493 1781 trecente
1517 1756 1680 1782 sorores.

267 1803 372 1842 Abiit
401 1809 532 1843 autem
560 1801 769 1853 discipulus
790 1807 826 1841 et
855 1801 1033 1853 pulsauit.
1091 1802 1137 1840 Et
1165 1801 1216 1840 ait
1243 1801 1295 1840 illi
1331 1801 1516 1841 hostiaria
1554 1801 1683 1841 subtili

267 1877 380 1902 uoce:
411 1862 596 1910 Salueris;
627 1863 725 1901 bene
744 1860 896 1900 uenisti.
954 1860 1053 1908 Quid
1084 1859 1149 1899 tibi
1178 1862 1324 1911 placet?
1366 1860 1468 1900 Dixit
1497 1860 1548 1900 ei:
1579 1862 1681 1900 Voca

141 1923 250 1957 {2182
269 1921 385 1961 michi
426 1928 587 1961 matrem
625 1919 1028 1960 archimandritissam.
1100 1921 1194 1958 Volo
1233 1919 1337 1959 enim
1371 1919 1423 1958 illi
1462 1920 1578 1970 loqui.
1600 1919 1615 1971 ΙΙ
1636 1921 1681 1959 Et

188 1984 239 2021 30
266 1980 345 2020 illa:
376 1982 461 2020 Non
491 1980 661 2031 loquitur
695 1980 899 2031 aliquando
936 1979 1047 2018 alicui
1075 1979 1172 2018 uiro.
1229 1980 1305 2018 Sed
1340 1979 1398 2018 dic
1433 1978 1549 2018 michi
1579 1981 1681 2029 quod

267 2040 335 2079 tibi
370 2042 501 2091 placet,
541 2047 578 2080 et
612 2054 681 2091 ego
718 2039 905 2078 nuntiabo
933 2038 997 2078 illi.
1054 2040 1099 2077 Et
1126 2038 1206 2077 ille:
1250 2038 1319 2077 Dic-
1351 2037 1421 2077 illi:
1468 2039 1680 2078 Monachus

268 2099 423 2150 quidam
450 2101 533 2139 uult
562 2099 665 2150 loqui
694 2105 832 2139 tecum.

372 2160 437 2198 Illa
466 2173 559 2198 uero
589 2158 723 2198 abiens
759 2157 954 2198 nuntiauit
982 2157 1026 2196 ei.
1083 2158 1130 2195 Et
1161 2156 1325 2196 ueniens
1360 2155 1566 2204 abbatissa,
1605 2156 1682 2196 leui

266 2232 362 2258 uoce
404 2218 497 2257 dixit
538 2218 660 2257 fratri:
704 2219 825 2257 Mater
866 2217 988 2256 maior
1033 2215 1234 2256 mandauit
1277 2215 1424 2256 dicens:
1469 2215 1569 2264 Quid
1614 2215 1680 2255 tibi

376 2345 389 2377 1
420 2345 543 2386 Buba]
569 2345 638 2384 E'2;
663 2344 772 2377 omK
817 2343 838 2376 Q
865 2342 947 2377 Sciti
971 2343 1018 2381 K;
1046 2341 1153 2375 Scithi
1174 2343 1209 2375 Ε
1254 2343 1275 2373 ἵ)
1301 2340 1392 2375 erat¹
1410 2341 1487 2376 ΕΚ
1534 2342 1554 2375 6
1580 2341 1679 2375 hare-

267 2409 352 2432 nam
377 2398 453 2432 EK
519 2398 536 2430 7
564 2398 730 2440 exspect]
757 2395 972 2440 excipientes
999 2406 1078 2429 eum
1107 2396 1148 2428 Sv·
1209 2395 1317 2437 enirn]
1351 2398 1470 2428 autem
1496 2395 1534 2427 K
1598 2395 1620 2428 8
1647 2397 1680 2428 et

267 2454 343 2485 erat
368 2451 445 2486 ΕΚ
496 2451 536 2483 12
564 2450 660 2493 tunc]
686 2454 719 2483 et
745 2451 814 2483 ΕΚ
869 2451 912 2483 13
938 2449 1014 2482 eius
1040 2450 1080 2482 K
1129 2448 1171 2481 14
1196 2451 1280 2482 ante
1306 2449 1358 2482 Κ8
1408 2449 1449 2481 15
1476 2447 1593 2481 omnis
1618 2446 1679 2481 Κι

271 2505 312 2538 18
338 2504 480 2548 pendet]
507 2515 561 2538 om
590 2506 617 2537 S
662 2505 707 2537 223
734 2504 779 2546 et]
811 2506 848 2544 -4-
879 2503 965 2536 dixit
989 2503 1030 2537 K
1078 2501 1323 2545 Hermopolim
1343 2503 1417 2535 ΕΚ
1464 2502 1507 2534 26
1525 2500 1678 2535 Jeremie

266 2559 341 2591 ΕΚ
387 2557 641 2591 habitauerunt
666 2557 743 2591 ΕΚ
790 2557 832 2590 27
861 2556 1028 2599 disciplus
1055 2554 1096 2589 5¹
1146 2554 1290 2589 ostiaria
1315 2555 1393 2589 ΕΚ
1447 2553 1581 2597 subtili]
1611 2553 1679 2587 sub

268 2611 327 2644 tali
355 2612 382 2644 S
429 2612 474 2645 30
499 2610 602 2645 alicui
630 2612 683 2644 KS
