1834 2967
681 162 945 199 —97-

107 289 143 322 et
166 290 437 334 properantem
466 285 676 323 hebreum÷
704 284 944 323 Abramium.
1002 284 1048 322 Et
1083 284 1160 322 uidi
1198 285 1367 323 loculum
1405 298 1519 334 quem

107 342 217 392 posui
255 343 293 381 in
329 356 437 381 mare
481 344 725 393 pendentem.
776 343 874 381 Cum
912 347 1040 381 autem
1080 344 1198 381 illud*
1239 343 1519 392 cognouissem,

108 401 298 452 obstupui.
356 403 401 440 Et
430 403 522 440 dum
551 408 692 440 starem
722 402 1018 451 obstupefactus,
1049 402 1177 440 audiui
1197 415 1333 440 uocem
1362 403 1409 441 ab
1439 403 1521 453 ipsa

107 461 284 510 ymagine
320 462 528 500 dicentem:
568 460 721 510 Recipe,
759 460 953 506 Abramie‚
992 474 1120 498 meam
1158 461 1418 510 sponsionem.
1476 463 1521 500 Et

108 521 318 558 extendens
339 520 545 558 Abi-amius
565 520 836 558 indumentum
857 532 933 568 quo
953 524 1032 558 erat
1061 518 1232 567 indutus,
1260 519 1402 570 recepit
1422 521 1520 559 locu-

107 579 199 618 lum.
257 579 302 617 Et
337 579 572 617 confidenter
609 578 693 616 dico
728 578 806 623 tibi,
844 577 1135 628 protonauclere
1171 578 1258 627 quia
1287 579 1415 617 datum
1445 582 1522 617 est³¹<

109 638 273 676 loculum
316 651 404 676 cuni
445 650 538 675 auro
583 638 748 675 hebreo*
796 637 991 676 Abramio.
1064 638 1126 675 Ex
1159 643 1253 676 tunc
1289 643 1414 675 autem
1455 638 1521 676 fuit

109 697 335 735 certificatus
364 697 590 734 Theodorus
620 698 722 745 quod
751 695 955 746 recepisset
983 696 1212 734 Abramius*
1241 709 1392 735 aurum.

216 872 397 911 Similiter
426 878 556 912 autem
585 878 620 911 et
649 873 858 911 Abramius
878 873 970 911 uidit
1000 873 1195 911 somnium
1225 873 1263 911 in
1294 873 1379 923 ipsa
1399 879 1522 911 nocte.

109 933 155 971 Et
184 945 346 982 surgens
381 945 497 970 mane
534 933 687 971 uocauit
726 932 1032 982 dispensatorem
1071 933 1209 971 domus
1247 945 1315 971 sue
1356 931 1524 981 dixitque

108 993 159 1029 ad
195 1005 299 1029 eccm:
342 990 546 1029 Somnium
575 991 652 1029 uidi
681 991 719 1029 in
757 991 830 1029 hac
858 996 971 1029 nocte
1000 992 1157 1041 plenum
1187 991 1384 1030 miraculo.
1441 991 1525 1029 Vidi

108 1053 208 1089 enim
237 1063 300 1088 me
328 1049 454 1100 ipsum
484 1055 650 1088 stantem
671 1055 760 1088 ante
788 1051 1008 1100 ymaginem
1037 1056 1200 1099 quatuor
1228 1050 1524 1101 columpnarum

108 1115 143 1148 et
159 1109 237 1148 uidi
258 1109 509 1148 christianum
528 1109 647 1155 illum,
669 1109 728 1147 cui
749 1109 835 1147 dedi
855 1109 981 1159 ipsum
1001 1122 1149 1155 aurum,
1177 1109 1369 1148 dicentem
1388 1110 1522 1148 michi:

107 1168 261 1218 Recipe,
303 1168 459 1207 domine
501 1168 694 1215 Abi-amie,
738 1169 810 1206 hoc
853 1181 1002 1206 aurum.
1065 1169 1110 1206 Et
1148 1168 1275 1206 uisum
1313 1174 1371 1207 est
1408 1169 1525 1207 michi

108 1231 277 1277 recipere
305 1227 396 1265 illud
411 1228 459 1266 ab
480 1240 537 1266 eo.
577 1227 668 1266 Dico
689 1227 793 1265 enim
815 1227 881 1265 tibi
901 1227 988 1277 quia
1003 1227 1213 1266 certissime
1227 1227 1341 1266 hodie
1354 1230 1522 1278 complet.

107 1287 257 1325 Tamen
288 1286 376 1325 ueni
405 1293 447 1325 et
475 1289 747 1325 descendamus
766 1299 889 1336 usque
917 1288 964 1325 ad
991 1287 1080 1325 litus
1102 1292 1139 1325 et
1158 1287 1358 1325 uideamus
1379 1287 1410 1325 si
1430 1287 1525 1325 forte

107 1345 287 1396 applicuit
315 1345 425 1384 nauis
455 1359 476 1384 a
505 1345 774 1395 qualicumque
802 1350 919 1396 parte.

216 1405 261 1443 Et
303 1410 503 1455 surgentes
538 1405 820 1443 descenderunt
860 1407 1014 1455 utrique
1048 1417 1170 1454 usque
1205 1405 1252 1443 ad
1287 1419 1368 1443 ora
1407 1408 1526 1443 maris

109 1469 145 1503 et
185 1463 429 1514 respicientes
472 1476 613 1502 nauem
653 1463 799 1501 nullam
837 1463 967 1502 uidere
1009 1465 1262 1513 potuerunt&
1290 1463 1523 1502 uenientem.

110 1525 439 1573 Approffinquans
468 1527 597 1561 autem
617 1522 825 1561 Abramius
845 1523 893 1561 ad
921 1535 1041 1572 aquas
1062 1522 1192 1569 maris,
1222 1526 1346 1572 cepit
1375 1524 1525 1562 abluere
1554 1530 1565 1543 ⁹

110 1583 225 1633 pedes
264 1594 366 1620 suos.
422 1582 467 1620 Et
506 1594 592 1620 eccc
630 1581 730 1620 uidet
778 1594 893 1632 super
930 1582 1054 1620 undas
1096 1584 1268 1620 venire
1309 1587 1443 1620 contra
1485 1595 1525 1620 se

111 1646 252 1680 tetrum
282 1641 370 1690 quid
401 1646 437 1679 et
468 1641 688 1679 obscurum.
745 1641 904 1679 Vocauit
925 1645 1054 1678 autem
1083 1641 1131 1678 ad
1152 1653 1192 1678 se
1221 1640 1525 1690 dispensatorem

110 1713 228 1739 suum
257 1705 293 1738 et
322 1700 487 1739 ostendit
515 1699 565 1738 illi
595 1700 696 1749 quod
726 1699 806 1750 ipse
834 1699 1001 1738 uidebat.
1060 1699 1178 1737 Vndis
1217 1712 1309 1737 uero
1339 1700 1525 1738 famulan-

112 1759 213 1798 tibus
242 1759 348 1798 uenit
385 1762 581 1809 apparitio
615 1761 703 1808 ipsa
731 1772 853 1808 usque
895 1759 942 1797 ad
980 1759 1108 1797 locum
1146 1758 1210 1797 ubi
1249 1759 1319 1809 ipsi
1359 1759 1524 1797 stabant.

110 1819 283 1857 Accessit
310 1825 436 1858 autem
465 1818 706 1869 dispensator
735 1824 777 1856 et
806 1818 1058 1868 apprehendit
1096 1817 1186 1855 illud
1217 1819 1318 1867 quod
1348 1817 1526 1856 uidebant

111 1883 147 1916 et
188 1879 301 1916 traxit
343 1879 390 1916 ad
432 1883 586 1916 terram.
652 1878 699 1915 Et
740 1882 781 1915 ut
825 1877 1005 1927 cognouit
1043 1876 1131 1925 quia
1168 1877 1315 1915 loculus
1353 1882 1454 1915 esset
1492 1883 1528 1915 et

111 1942 300 1987 grauaret,
338 1937 389 1975 ait
427 1937 586 1976 domino
623 1949 712 1975 suo:
754 1937 898 1981 Gaude,
936 1935 1091 1974 domine
1132 1935 1197 1982 mi,
1237 1938 1342 1986 quia
1381 1936 1528 1974 bonum

113 2001 170 2035 est
199 1996 394 2034 somnium
422 1996 524 2046 quod
553 1995 678 2034 uidisti
709 1997 759 2033 in
788 1997 873 2033 hac
900 2001 1058 2041 nocte3
1101 2007 1188 2033 ecce
1217 2008 1381 2033 aurum
1409 1996 1529 2045 quod

111 2057 287 2094 uidisti
324 2054 425 2093 istud
464 2060 532 2093 est.
588 2055 634 2093 Et
671 2054 825 2104 gauisus
864 2058 921 2092 est
955 2053 1163 2091 Abramius
1205 2053 1344 2104 gaudio
1386 2067 1527 2103 magno

112 2116 264 2153 ualde.
322 2114 367 2152 Et
397 2114 488 2152 dixit
528 2113 720 2164 preposito
750 2126 840 2151 suo:
885 2112 1002 2151 Cuius
1042 2112 1286 2162 negotiatoris
1323 2113 1397 2151 hoc
1426 2113 1525 2151 fuit?

114 2174 303 2222 Quisnam
331 2172 569 2211 miserrimus
599 2172 848 2222 periclitauit?
888 2171 956 2209 Est
986 2170 1090 2209 enim
1126 2171 1288 2218 loculus,
1327 2177 1368 2210 ut
1405 2172 1528 2217 uideo,

1577 522 1600 558 CI

1558 933 1605 970 10

1556 2113 1608 2149 30

114 2234 300 2283 signatus.
358 2231 433 2270 Sed
461 2232 549 2270 tolle
578 2231 804 2280 quantocius
835 2243 934 2277 eum,
956 2228 970 2280 Η
992 2235 1027 2268 et
1062 2243 1197 2269 eamus
1230 2231 1268 2269 in
1305 2232 1464 2269 domum
1494 2235 1529 2269 et
1547 2234 1672 2268 w163

115 2293 330 2342 aperientes
358 2303 634 2340 cognoscamus
665 2290 754 2339 quid
784 2295 837 2328 est
865 2289 903 2327 in
934 2302 990 2328 co.

221 2350 428 2389 Venientes
449 2355 576 2388 autem
597 2350 759 2388 domum
779 2355 813 2387 et
834 2348 1047 2398 aperientes
1076 2348 1309 2387 inuenerunt
1330 2348 1530 2399 epistolam

226 2447 238 2478 1
269 2456 376 2488 quem
403 2445 458 2483 *Εἰς
498 2444 592 2487 quod
625 2445 661 2477 1²1
720 2444 762 2478 18
797 2444 885 2477 hora
921 2444 959 2476 1a
1016 2444 1060 2476 23
1086 2443 1194 2477 undis
1226 2444 1265 2476 2¹·
1320 2443 1361 2476 31
1391 2441 1530 2486 pericli-

115 2502 210 2532 tatus
235 2503 284 2532 est
310 2499 350 2532 2³¹
