<?xml version="1.0" encoding="UTF-8"?>
<!DOCTYPE html PUBLIC "-//W3C//DTD XHTML 1.0 Transitional//EN"
    "http://www.w3.org/TR/xhtml1/DTD/xhtml1-transitional.dtd">
<html xmlns="http://www.w3.org/1999/xhtml" xml:lang="en" lang="en">
 <head>
  <title>
</title>
<meta http-equiv="Content-Type" content="text/html;charset=utf-8" />
  <meta name='ocr-system' content='tesseract 3.04.00' />
  <meta name='ocr-capabilities' content='ocr_page ocr_carea ocr_par ocr_line ocrx_word'/>
</head>
<body>
  <div class='ocr_page' id='page_1' title='image "./liberdemiraculis00joanuoft_0100.png"; bbox 0 0 1834 2967; ppageno 0'>
   <div class='ocr_carea' id='block_1_1' title="bbox 837 105 1101 142">
    <p class='ocr_par' dir='ltr' id='par_1_1' title="bbox 837 105 1101 142">
     <span class='ocr_line' id='line_1_1' title="bbox 837 105 1101 142; baseline -0.004 -12"><span class='ocrx_word' id='word_1_1' title='bbox 837 105 1101 142; x_wconf 55' lang='lat'>„55-</span> 
     </span>
    </p>
   </div>
   <div class='ocr_carea' id='block_1_2' title="bbox 267 225 1680 386">
    <p class='ocr_par' dir='ltr' id='par_1_2' title="bbox 267 225 1680 386">
     <span class='ocr_line' id='line_1_2' title="bbox 267 225 1677 280; baseline -0.004 -12"><span class='ocrx_word' id='word_1_2' title='bbox 267 243 333 280; x_wconf 91' lang='lat' dir='ltr'>per</span> <span class='ocrx_word' id='word_1_3' title='bbox 372 228 492 280; x_wconf 88' lang='lat' dir='ltr'>ipsius</span> <span class='ocrx_word' id='word_1_4' title='bbox 530 229 644 267; x_wconf 90' lang='lat' dir='ltr'>fidem</span> <span class='ocrx_word' id='word_1_5' title='bbox 683 233 719 266; x_wconf 91' lang='lat' dir='ltr'>et</span> <span class='ocrx_word' id='word_1_6' title='bbox 753 228 1014 278; x_wconf 76' lang='lat' dir='ltr'>operationem</span> <span class='ocrx_word' id='word_1_7' title='bbox 1053 240 1141 265; x_wconf 88' lang='lat' dir='ltr'>cum</span> <span class='ocrx_word' id='word_1_8' title='bbox 1185 225 1419 276; x_wconf 76' lang='lat' dir='ltr'>experientia</span> <span class='ocrx_word' id='word_1_9' title='bbox 1456 225 1583 264; x_wconf 85' lang='lat' dir='ltr'>didicit</span> <span class='ocrx_word' id='word_1_10' title='bbox 1617 226 1677 264; x_wconf 85' lang='lat' dir='ltr'>uir</span> 
     </span>
     <span class='ocr_line' id='line_1_3' title="bbox 267 283 1680 337; baseline -0.004 -10"><span class='ocrx_word' id='word_1_11' title='bbox 267 288 361 335; x_wconf 84' lang='lat' dir='ltr'>eius,</span> <span class='ocrx_word' id='word_1_12' title='bbox 401 287 488 337; x_wconf 86' lang='lat' dir='ltr'>quia</span> <span class='ocrx_word' id='word_1_13' title='bbox 517 300 597 325; x_wconf 89' lang='lat' dir='ltr'>non</span> <span class='ocrx_word' id='word_1_14' title='bbox 626 292 682 325; x_wconf 91' lang='lat' dir='ltr'>est</span> <span class='ocrx_word' id='word_1_15' title='bbox 719 287 815 325; x_wconf 88' lang='lat' dir='ltr'>alius</span> <span class='ocrx_word' id='word_1_16' title='bbox 844 287 946 324; x_wconf 91' lang='lat' dir='ltr'>Deus</span> <span class='ocrx_word' id='word_1_17' title='bbox 976 285 1050 324; x_wconf 89' lang='lat' dir='ltr'>nisi</span> <span class='ocrx_word' id='word_1_18' title='bbox 1079 285 1190 323; x_wconf 87' lang='lat' dir='ltr'>Pater</span> <span class='ocrx_word' id='word_1_19' title='bbox 1229 290 1265 323; x_wconf 87' lang='lat' dir='ltr'>et</span> <span class='ocrx_word' id='word_1_20' title='bbox 1293 284 1410 322; x_wconf 89' lang='lat' dir='ltr'>Filius</span> <span class='ocrx_word' id='word_1_21' title='bbox 1449 289 1485 322; x_wconf 86' lang='lat' dir='ltr'>et</span> <span class='ocrx_word' id='word_1_22' title='bbox 1514 283 1680 334; x_wconf 79' lang='lat' dir='ltr'>Spiritus</span> 
     </span>
     <span class='ocr_line' id='line_1_4' title="bbox 268 348 626 386; baseline -0.006 0"><span class='ocrx_word' id='word_1_23' title='bbox 268 352 435 386; x_wconf 86' lang='lat' dir='ltr'>sanctus.</span> <span class='ocrx_word' id='word_1_24' title='bbox 493 348 626 384; x_wconf 78' lang='lat' dir='ltr'>Amen.</span> 
     </span>
    </p>
   </div>
   <div class='ocr_carea' id='block_1_3' title="bbox 489 507 1457 563">
    <p class='ocr_par' dir='ltr' id='par_1_3' title="bbox 489 507 1457 563">
     <span class='ocr_line' id='line_1_5' title="bbox 489 507 1457 563; baseline -0.004 -11"><span class='ocrx_word' id='word_1_25' title='bbox 489 511 558 552; x_wconf 83' lang='lat'>16.</span> <span class='ocrx_word' id='word_1_26' title='bbox 588 509 661 551; x_wconf 86' lang='lat' dir='ltr'>De</span> <span class='ocrx_word' id='word_1_27' title='bbox 688 508 897 563; x_wconf 84' lang='lat' dir='ltr'>quodam</span> <span class='ocrx_word' id='word_1_28' title='bbox 924 507 1218 562; x_wconf 84' lang='lat' dir='ltr'>philosopho</span> <span class='ocrx_word' id='word_1_29' title='bbox 1245 519 1457 561; x_wconf 83' lang='lat' dir='ltr'>pagano.</span> 
     </span>
    </p>
   </div>
   <div class='ocr_carea' id='block_1_4' title="bbox 134 595 1695 2362">
    <p class='ocr_par' dir='ltr' id='par_1_4' title="bbox 177 595 1685 887">
     <span class='ocr_line' id='line_1_6' title="bbox 177 595 1682 688; baseline -0.005 -47"><span class='ocrx_word' id='word_1_30' title='bbox 177 608 252 642; x_wconf 71' lang='lat'>574</span> <span class='ocrx_word' id='word_1_31' title='bbox 272 598 390 688; x_wconf 73' lang='lat' dir='ltr'>Cum</span> <span class='ocrx_word' id='word_1_32' title='bbox 431 611 605 638; x_wconf 83' lang='lat' dir='ltr'>essemus</span> <span class='ocrx_word' id='word_1_33' title='bbox 645 598 685 636; x_wconf 91' lang='lat' dir='ltr'>in</span> <span class='ocrx_word' id='word_1_34' title='bbox 729 599 824 636; x_wconf 89' lang='lat' dir='ltr'>urbe</span> <span class='ocrx_word' id='word_1_35' title='bbox 864 597 1110 643; x_wconf 80' lang='lat' dir='ltr'>Alexandria,</span> <span class='ocrx_word' id='word_1_36' title='bbox 1148 596 1331 635; x_wconf 86' lang='lat' dir='ltr'>Leontius</span> <span class='ocrx_word' id='word_1_37' title='bbox 1373 595 1536 646; x_wconf 85' lang='lat' dir='ltr'>Apamia</span> <span class='ocrx_word' id='word_1_38' title='bbox 1570 595 1583 646; x_wconf 88' lang='grc' dir='ltr'>ΙΙ</span> <span class='ocrx_word' id='word_1_39' title='bbox 1622 596 1682 634; x_wconf 85' lang='lat' dir='ltr'>uir</span> 
     </span>
     <span class='ocr_line' id='line_1_7' title="bbox 351 655 1681 708; baseline -0.003 -11"><span class='ocrx_word' id='word_1_40' title='bbox 351 658 549 708; x_wconf 84' lang='lat' dir='ltr'>religiosus</span> <span class='ocrx_word' id='word_1_41' title='bbox 579 662 616 696; x_wconf 83' lang='lat' dir='ltr'>et</span> <span class='ocrx_word' id='word_1_42' title='bbox 644 657 785 695; x_wconf 88' lang='lat' dir='ltr'>timens</span> <span class='ocrx_word' id='word_1_43' title='bbox 814 657 937 695; x_wconf 89' lang='lat' dir='ltr'>Deum</span> <span class='ocrx_word' id='word_1_44' title='bbox 967 656 1072 694; x_wconf 87' lang='lat' dir='ltr'>uenit</span> <span class='ocrx_word' id='word_1_45' title='bbox 1102 669 1124 694; x_wconf 84' lang='lat' dir='ltr'>a</span> <span class='ocrx_word' id='word_1_46' title='bbox 1152 655 1361 706; x_wconf 79' lang='lat' dir='ltr'>Pentapoli.</span> <span class='ocrx_word' id='word_1_47' title='bbox 1419 655 1473 693; x_wconf 89' lang='lat' dir='ltr'>Ibi</span> <span class='ocrx_word' id='word_1_48' title='bbox 1509 655 1613 693; x_wconf 88' lang='lat' dir='ltr'>enim</span> <span class='ocrx_word' id='word_1_49' title='bbox 1641 655 1681 693; x_wconf 91' lang='lat' dir='ltr'>in</span> 
     </span>
     <span class='ocr_line' id='line_1_8' title="bbox 272 714 1685 768; baseline -0.003 -12"><span class='ocrx_word' id='word_1_50' title='bbox 272 718 444 768; x_wconf 84' lang='lat' dir='ltr'>Cyrenen</span> <span class='ocrx_word' id='word_1_51' title='bbox 475 730 541 767; x_wconf 84' lang='lat' dir='ltr'>per</span> <span class='ocrx_word' id='word_1_52' title='bbox 569 716 711 754; x_wconf 86' lang='lat' dir='ltr'>multos</span> <span class='ocrx_word' id='word_1_53' title='bbox 746 729 871 754; x_wconf 87' lang='lat' dir='ltr'>annos</span> <span class='ocrx_word' id='word_1_54' title='bbox 909 715 1160 754; x_wconf 82' lang='lat' dir='ltr'>habitauerat.</span> <span class='ocrx_word' id='word_1_55' title='bbox 1217 715 1330 753; x_wconf 85' lang='lat' dir='ltr'>Venit</span> <span class='ocrx_word' id='word_1_56' title='bbox 1371 714 1474 752; x_wconf 91' lang='lat' dir='ltr'>enim</span> <span class='ocrx_word' id='word_1_57' title='bbox 1512 720 1685 764; x_wconf 88' lang='lat' dir='ltr'>tempore</span> 
     </span>
     <span class='ocr_line' id='line_1_9' title="bbox 272 773 1683 826; baseline -0.002 -11"><span class='ocrx_word' id='word_1_58' title='bbox 272 776 418 826; x_wconf 83' lang='lat' dir='ltr'>Eulogii</span> <span class='ocrx_word' id='word_1_59' title='bbox 442 789 538 826; x_wconf 87' lang='lat' dir='ltr'>pape</span> <span class='ocrx_word' id='word_1_60' title='bbox 558 774 817 813; x_wconf 83' lang='lat' dir='ltr'>Alexandrine</span> <span class='ocrx_word' id='word_1_61' title='bbox 845 774 963 821; x_wconf 85' lang='lat' dir='ltr'>urbis,</span> <span class='ocrx_word' id='word_1_62' title='bbox 994 787 1081 812; x_wconf 89' lang='lat' dir='ltr'>cum</span> <span class='ocrx_word' id='word_1_63' title='bbox 1102 774 1304 812; x_wconf 85' lang='lat' dir='ltr'>deberetur</span> <span class='ocrx_word' id='word_1_64' title='bbox 1325 773 1490 812; x_wconf 87' lang='lat' dir='ltr'>ordinari</span> <span class='ocrx_word' id='word_1_65' title='bbox 1511 773 1683 812; x_wconf 88' lang='lat' dir='ltr'>eiusdem</span> 
     </span>
     <span class='ocr_line' id='line_1_10' title="bbox 277 833 935 887; baseline -0.006 -12"><span class='ocrx_word' id='word_1_66' title='bbox 277 837 503 887; x_wconf 69' lang='lat' dir='ltr'>Cyrenensis</span> <span class='ocrx_word' id='word_1_67' title='bbox 531 833 693 872; x_wconf 86' lang='lat' dir='ltr'>ciuitatis</span> <span class='ocrx_word' id='word_1_68' title='bbox 722 833 935 883; x_wconf 88' lang='lat' dir='ltr'>episcopus.</span> 
     </span>
    </p>

    <p class='ocr_par' dir='ltr' id='par_1_5' title="bbox 198 891 1686 1182">
     <span class='ocr_line' id='line_1_11' title="bbox 198 891 1686 943; baseline -0.002 -11"><span class='ocrx_word' id='word_1_69' title='bbox 198 899 246 936; x_wconf 90' lang='lat'>10</span> <span class='ocrx_word' id='word_1_70' title='bbox 380 895 511 943; x_wconf 79' lang='lat' dir='ltr'>Itaque</span> <span class='ocrx_word' id='word_1_71' title='bbox 539 906 627 931; x_wconf 87' lang='lat' dir='ltr'>cum</span> <span class='ocrx_word' id='word_1_72' title='bbox 655 893 900 942; x_wconf 86' lang='lat' dir='ltr'>loqueremur</span> <span class='ocrx_word' id='word_1_73' title='bbox 929 892 976 930; x_wconf 85' lang='lat' dir='ltr'>ad</span> <span class='ocrx_word' id='word_1_74' title='bbox 1005 891 1170 930; x_wconf 87' lang='lat' dir='ltr'>inuicem</span> <span class='ocrx_word' id='word_1_75' title='bbox 1205 892 1280 930; x_wconf 87' lang='grc'>1100</span> <span class='ocrx_word' id='word_1_76' title='bbox 1308 897 1344 929; x_wconf 90' lang='lat' dir='ltr'>et</span> <span class='ocrx_word' id='word_1_77' title='bbox 1373 891 1475 938; x_wconf 88' lang='lat' dir='ltr'>illud,</span> <span class='ocrx_word' id='word_1_78' title='bbox 1514 891 1686 930; x_wconf 82' lang='lat' dir='ltr'>narrauit</span> 
     </span>
     <span class='ocr_line' id='line_1_12' title="bbox 273 950 1684 1001; baseline -0.003 -9"><span class='ocrx_word' id='word_1_79' title='bbox 273 953 385 992; x_wconf 90' lang='lat' dir='ltr'>nobis</span> <span class='ocrx_word' id='word_1_80' title='bbox 415 953 557 999; x_wconf 87' lang='lat' dir='ltr'>dicens,</span> <span class='ocrx_word' id='word_1_81' title='bbox 588 951 770 1001; x_wconf 80' lang='lat' dir='ltr'>quoniam</span> <span class='ocrx_word' id='word_1_82' title='bbox 804 956 977 1000; x_wconf 84' lang='lat' dir='ltr'>tempore</span> <span class='ocrx_word' id='word_1_83' title='bbox 1006 950 1207 1000; x_wconf 88' lang='lat' dir='ltr'>Theophili</span> <span class='ocrx_word' id='word_1_84' title='bbox 1236 964 1333 1000; x_wconf 86' lang='lat' dir='ltr'>pape</span> <span class='ocrx_word' id='word_1_85' title='bbox 1368 950 1539 989; x_wconf 86' lang='lat' dir='ltr'>eiusdem</span> <span class='ocrx_word' id='word_1_86' title='bbox 1576 950 1684 989; x_wconf 89' lang='lat' dir='ltr'>urbis</span> 
     </span>
     <span class='ocr_line' id='line_1_13' title="bbox 273 1009 1686 1059; baseline -0.003 -8"><span class='ocrx_word' id='word_1_87' title='bbox 273 1011 505 1051; x_wconf 79' lang='lat' dir='ltr'>Alexandrie</span> <span class='ocrx_word' id='word_1_88' title='bbox 535 1011 732 1049; x_wconf 84' lang='lat' dir='ltr'>ordinatus</span> <span class='ocrx_word' id='word_1_89' title='bbox 763 1015 820 1048; x_wconf 83' lang='lat' dir='ltr'>est</span> <span class='ocrx_word' id='word_1_90' title='bbox 849 1010 1061 1059; x_wconf 90' lang='lat' dir='ltr'>episcopus.</span> <span class='ocrx_word' id='word_1_91' title='bbox 1102 1009 1199 1047; x_wconf 90' lang='lat' dir='ltr'>Cum</span> <span class='ocrx_word' id='word_1_92' title='bbox 1228 1009 1396 1048; x_wconf 87' lang='lat' dir='ltr'>uenisset</span> <span class='ocrx_word' id='word_1_93' title='bbox 1426 1009 1465 1047; x_wconf 91' lang='lat' dir='ltr'>in</span> <span class='ocrx_word' id='word_1_94' title='bbox 1496 1009 1686 1059; x_wconf 75' lang='lat' dir='ltr'>Cyrenen,</span> 
     </span>
     <span class='ocr_line' id='line_1_14' title="bbox 274 1068 1685 1119; baseline -0.003 -9"><span class='ocrx_word' id='word_1_95' title='bbox 274 1070 422 1110; x_wconf 82' lang='lat' dir='ltr'>inuenit</span> <span class='ocrx_word' id='word_1_96' title='bbox 449 1069 500 1108; x_wconf 83' lang='lat' dir='ltr'>ibi</span> <span class='ocrx_word' id='word_1_97' title='bbox 531 1071 723 1118; x_wconf 82' lang='lat' dir='ltr'>quendam</span> <span class='ocrx_word' id='word_1_98' title='bbox 752 1069 1033 1119; x_wconf 83' lang='lat' dir='ltr'>phylosophum</span> <span class='ocrx_word' id='word_1_99' title='bbox 1064 1068 1256 1118; x_wconf 83' lang='lat' dir='ltr'>Eiagrium</span> <span class='ocrx_word' id='word_1_100' title='bbox 1294 1068 1464 1115; x_wconf 85' lang='lat' dir='ltr'>nomine,</span> <span class='ocrx_word' id='word_1_101' title='bbox 1502 1068 1685 1107; x_wconf 86' lang='lat' dir='ltr'>condisci—</span> 
     </span>
     <span class='ocr_line' id='line_1_15' title="bbox 275 1127 1685 1182; baseline -0.002 -14"><span class='ocrx_word' id='word_1_102' title='bbox 275 1131 407 1182; x_wconf 87' lang='lat' dir='ltr'>pulum</span> <span class='ocrx_word' id='word_1_103' title='bbox 423 1142 537 1168; x_wconf 91' lang='lat' dir='ltr'>suum</span> <span class='ocrx_word' id='word_1_104' title='bbox 552 1129 591 1166; x_wconf 88' lang='lat' dir='ltr'>in</span> <span class='ocrx_word' id='word_1_105' title='bbox 611 1128 821 1175; x_wconf 87' lang='lat' dir='ltr'>iuuentute,</span> <span class='ocrx_word' id='word_1_106' title='bbox 839 1141 927 1165; x_wconf 89' lang='lat' dir='ltr'>cum</span> <span class='ocrx_word' id='word_1_107' title='bbox 947 1127 1229 1177; x_wconf 81' lang='lat' dir='ltr'>philosophiam</span> <span class='ocrx_word' id='word_1_108' title='bbox 1244 1127 1445 1174; x_wconf 87' lang='lat' dir='ltr'>discerent,</span> <span class='ocrx_word' id='word_1_109' title='bbox 1467 1133 1502 1165; x_wconf 91' lang='lat' dir='ltr'>et</span> <span class='ocrx_word' id='word_1_110' title='bbox 1517 1127 1685 1165; x_wconf 82' lang='lat' dir='ltr'>amicum</span> 
     </span>
    </p>

    <p class='ocr_par' dir='ltr' id='par_1_6' title="bbox 134 1186 1691 1473">
     <span class='ocr_line' id='line_1_16' title="bbox 134 1186 1684 1236; baseline -0.003 -8"><span class='ocrx_word' id='word_1_111' title='bbox 134 1198 261 1232; x_wconf 83' lang='lat' dir='ltr'><strong>K138v</strong></span> <span class='ocrx_word' id='word_1_112' title='bbox 275 1189 346 1228; x_wconf 89' lang='lat' dir='ltr'>sibi</span> <span class='ocrx_word' id='word_1_113' title='bbox 377 1187 677 1234; x_wconf 87' lang='lat' dir='ltr'>dilectissimum,</span> <span class='ocrx_word' id='word_1_114' title='bbox 708 1186 889 1236; x_wconf 84' lang='lat' dir='ltr'>religione</span> <span class='ocrx_word' id='word_1_115' title='bbox 909 1199 1001 1224; x_wconf 88' lang='lat' dir='ltr'>uero</span> <span class='ocrx_word' id='word_1_116' title='bbox 1031 1191 1067 1224; x_wconf 90' lang='lat' dir='ltr'>et</span> <span class='ocrx_word' id='word_1_117' title='bbox 1085 1187 1159 1224; x_wconf 93' lang='lat' dir='ltr'>fide</span> <span class='ocrx_word' id='word_1_118' title='bbox 1180 1186 1194 1236; x_wconf 86' lang='grc' dir='ltr'>Η</span> <span class='ocrx_word' id='word_1_119' title='bbox 1215 1199 1408 1236; x_wconf 84' lang='lat' dir='ltr'>paganum</span> <span class='ocrx_word' id='word_1_120' title='bbox 1438 1191 1474 1224; x_wconf 85' lang='lat' dir='ltr'>et</span> <span class='ocrx_word' id='word_1_121' title='bbox 1493 1186 1684 1236; x_wconf 82' lang='lat' dir='ltr'>gentilem.</span> 
     </span>
     <span class='ocr_line' id='line_1_17' title="bbox 275 1245 1686 1297; baseline -0.003 -11"><span class='ocrx_word' id='word_1_122' title='bbox 275 1250 399 1296; x_wconf 85' lang='lat' dir='ltr'>Quem</span> <span class='ocrx_word' id='word_1_123' title='bbox 443 1247 643 1297; x_wconf 86' lang='lat' dir='ltr'>episcopus</span> <span class='ocrx_word' id='word_1_124' title='bbox 686 1245 891 1295; x_wconf 87' lang='lat' dir='ltr'>Synescius</span> <span class='ocrx_word' id='word_1_125' title='bbox 935 1250 1159 1284; x_wconf 84' lang='lat' dir='ltr'>conuertere</span> <span class='ocrx_word' id='word_1_126' title='bbox 1202 1245 1356 1283; x_wconf 86' lang='lat' dir='ltr'>uolebat</span> <span class='ocrx_word' id='word_1_127' title='bbox 1398 1245 1444 1283; x_wconf 84' lang='lat' dir='ltr'>ab</span> <span class='ocrx_word' id='word_1_128' title='bbox 1487 1245 1686 1294; x_wconf 89' lang='lat' dir='ltr'>ydolorum</span> 
     </span>
     <span class='ocr_line' id='line_1_18' title="bbox 276 1304 1690 1354; baseline -0.002 -8"><span class='ocrx_word' id='word_1_129' title='bbox 276 1308 424 1346; x_wconf 88' lang='lat' dir='ltr'>cultura</span> <span class='ocrx_word' id='word_1_130' title='bbox 453 1311 489 1345; x_wconf 92' lang='lat' dir='ltr'>et</span> <span class='ocrx_word' id='word_1_131' title='bbox 527 1318 655 1344; x_wconf 88' lang='lat' dir='ltr'>errore</span> <span class='ocrx_word' id='word_1_132' title='bbox 693 1318 768 1354; x_wconf 90' lang='lat' dir='ltr'>quo</span> <span class='ocrx_word' id='word_1_133' title='bbox 805 1306 1016 1343; x_wconf 84' lang='lat' dir='ltr'>tenebatur.</span> <span class='ocrx_word' id='word_1_134' title='bbox 1073 1305 1119 1343; x_wconf 88' lang='lat' dir='ltr'>Et</span> <span class='ocrx_word' id='word_1_135' title='bbox 1155 1318 1236 1343; x_wconf 85' lang='lat' dir='ltr'>non</span> <span class='ocrx_word' id='word_1_136' title='bbox 1274 1310 1423 1343; x_wconf 87' lang='lat' dir='ltr'>tantum</span> <span class='ocrx_word' id='word_1_137' title='bbox 1462 1305 1577 1342; x_wconf 90' lang='lat' dir='ltr'>modo</span> <span class='ocrx_word' id='word_1_138' title='bbox 1614 1304 1690 1343; x_wconf 88' lang='lat' dir='ltr'>hoc</span> 
     </span>
     <span class='ocr_line' id='line_1_19' title="bbox 276 1363 1688 1414; baseline -0.003 -9"><span class='ocrx_word' id='word_1_139' title='bbox 276 1366 408 1413; x_wconf 90' lang='lat' dir='ltr'>uoluit,</span> <span class='ocrx_word' id='word_1_140' title='bbox 437 1379 574 1404; x_wconf 91' lang='lat' dir='ltr'>uerum</span> <span class='ocrx_word' id='word_1_141' title='bbox 595 1365 714 1403; x_wconf 86' lang='lat' dir='ltr'>eciam</span> <span class='ocrx_word' id='word_1_142' title='bbox 736 1369 771 1402; x_wconf 87' lang='lat' dir='ltr'>et</span> <span class='ocrx_word' id='word_1_143' title='bbox 800 1369 993 1402; x_wconf 81' lang='lat' dir='ltr'>certamen</span> <span class='ocrx_word' id='word_1_144' title='bbox 1011 1363 1137 1414; x_wconf 89' lang='lat' dir='ltr'>posuit</span> <span class='ocrx_word' id='word_1_145' title='bbox 1157 1377 1236 1402; x_wconf 88' lang='lat' dir='ltr'>non</span> <span class='ocrx_word' id='word_1_146' title='bbox 1256 1363 1463 1410; x_wconf 86' lang='lat' dir='ltr'>modicum,</span> <span class='ocrx_word' id='word_1_147' title='bbox 1495 1364 1688 1412; x_wconf 85' lang='lat' dir='ltr'>quomodo</span> 
     </span>
     <span class='ocr_line' id='line_1_20' title="bbox 278 1422 1691 1473; baseline -0.003 -9"><span class='ocrx_word' id='word_1_148' title='bbox 278 1439 365 1464; x_wconf 90' lang='lat' dir='ltr'>eum</span> <span class='ocrx_word' id='word_1_149' title='bbox 413 1425 485 1463; x_wconf 89' lang='lat' dir='ltr'>cito</span> <span class='ocrx_word' id='word_1_150' title='bbox 532 1424 671 1462; x_wconf 85' lang='lat' dir='ltr'>faceret</span> <span class='ocrx_word' id='word_1_151' title='bbox 712 1423 976 1470; x_wconf 85' lang='lat' dir='ltr'>christianum,</span> <span class='ocrx_word' id='word_1_152' title='bbox 1023 1429 1225 1473; x_wconf 81' lang='lat' dir='ltr'>propterea</span> <span class='ocrx_word' id='word_1_153' title='bbox 1267 1423 1368 1472; x_wconf 86' lang='lat' dir='ltr'>quod</span> <span class='ocrx_word' id='word_1_154' title='bbox 1410 1423 1449 1461; x_wconf 92' lang='lat' dir='ltr'>in</span> <span class='ocrx_word' id='word_1_155' title='bbox 1490 1422 1691 1461; x_wconf 88' lang='lat' dir='ltr'>iuuentute</span> 
     </span>
    </p>

    <p class='ocr_par' dir='ltr' id='par_1_7' title="bbox 198 1482 1695 1770">
     <span class='ocr_line' id='line_1_21' title="bbox 198 1482 1695 1532; baseline -0.003 -9"><span class='ocrx_word' id='word_1_156' title='bbox 198 1487 249 1525; x_wconf 69' lang='lat'>20</span> <span class='ocrx_word' id='word_1_157' title='bbox 276 1485 493 1523; x_wconf 78' lang='lat' dir='ltr'>habuerant</span> <span class='ocrx_word' id='word_1_158' title='bbox 522 1482 763 1521; x_wconf 82' lang='lat' dir='ltr'>dilectionem</span> <span class='ocrx_word' id='word_1_159' title='bbox 792 1487 828 1521; x_wconf 89' lang='lat' dir='ltr'>et</span> <span class='ocrx_word' id='word_1_160' title='bbox 856 1482 1151 1520; x_wconf 78' lang='lat' dir='ltr'>familiaritatem</span> <span class='ocrx_word' id='word_1_161' title='bbox 1179 1482 1414 1532; x_wconf 86' lang='lat' dir='ltr'>precipuam.</span> <span class='ocrx_word' id='word_1_162' title='bbox 1469 1482 1535 1520; x_wconf 91' lang='lat' dir='ltr'>Ille</span> <span class='ocrx_word' id='word_1_163' title='bbox 1565 1487 1695 1520; x_wconf 84' lang='lat' dir='ltr'>autem</span> 
     </span>
     <span class='ocr_line' id='line_1_22' title="bbox 277 1540 1691 1591; baseline -0.003 -9"><span class='ocrx_word' id='word_1_164' title='bbox 277 1544 496 1582; x_wconf 82' lang='lat' dir='ltr'>nullatenus</span> <span class='ocrx_word' id='word_1_165' title='bbox 526 1542 759 1581; x_wconf 85' lang='lat' dir='ltr'>assentiebat</span> <span class='ocrx_word' id='word_1_166' title='bbox 787 1540 936 1580; x_wconf 87' lang='lat' dir='ltr'>indictis</span> <span class='ocrx_word' id='word_1_167' title='bbox 976 1541 1057 1579; x_wconf 85' lang='lat' dir='ltr'>eius</span> <span class='ocrx_word' id='word_1_168' title='bbox 1093 1554 1217 1591; x_wconf 79' lang='lat' dir='ltr'>neque</span> <span class='ocrx_word' id='word_1_169' title='bbox 1257 1540 1565 1579; x_wconf 78' lang='lat' dir='ltr'>admonicionem</span> <span class='ocrx_word' id='word_1_170' title='bbox 1601 1541 1691 1579; x_wconf 89' lang='lat' dir='ltr'>reci-</span> 
     </span>
     <span class='ocr_line' id='line_1_23' title="bbox 276 1599 1695 1654; baseline -0.003 -12"><span class='ocrx_word' id='word_1_171' title='bbox 276 1603 414 1654; x_wconf 84' lang='lat' dir='ltr'>piebat.</span> <span class='ocrx_word' id='word_1_172' title='bbox 457 1602 533 1640; x_wconf 88' lang='lat' dir='ltr'>Sed</span> <span class='ocrx_word' id='word_1_173' title='bbox 553 1600 783 1640; x_wconf 83' lang='lat' dir='ltr'>uenerabilis</span> <span class='ocrx_word' id='word_1_174' title='bbox 804 1601 1015 1651; x_wconf 86' lang='lat' dir='ltr'>episcopus,</span> <span class='ocrx_word' id='word_1_175' title='bbox 1049 1606 1203 1651; x_wconf 89' lang='lat' dir='ltr'>propter</span> <span class='ocrx_word' id='word_1_176' title='bbox 1225 1601 1387 1639; x_wconf 87' lang='lat' dir='ltr'>salutem</span> <span class='ocrx_word' id='word_1_177' title='bbox 1416 1599 1544 1638; x_wconf 83' lang='lat' dir='ltr'>anime</span> <span class='ocrx_word' id='word_1_178' title='bbox 1572 1600 1695 1650; x_wconf 86' lang='lat' dir='ltr'>ipsius</span> 
     </span>
     <span class='ocr_line' id='line_1_24' title="bbox 277 1659 1692 1711; baseline -0.002 -10"><span class='ocrx_word' id='word_1_179' title='bbox 277 1668 313 1701; x_wconf 85' lang='lat' dir='ltr'>et</span> <span class='ocrx_word' id='word_1_180' title='bbox 342 1662 539 1711; x_wconf 82' lang='lat' dir='ltr'>antiquam</span> <span class='ocrx_word' id='word_1_181' title='bbox 570 1660 793 1707; x_wconf 78' lang='lat' dir='ltr'>amiciciam,</span> <span class='ocrx_word' id='word_1_182' title='bbox 824 1673 948 1709; x_wconf 83' lang='lat' dir='ltr'>neque</span> <span class='ocrx_word' id='word_1_183' title='bbox 968 1659 1167 1698; x_wconf 82' lang='lat' dir='ltr'>accidiauit</span> <span class='ocrx_word' id='word_1_184' title='bbox 1187 1673 1311 1709; x_wconf 85' lang='lat' dir='ltr'>neque</span> <span class='ocrx_word' id='word_1_185' title='bbox 1331 1660 1378 1697; x_wconf 90' lang='lat' dir='ltr'>ab</span> <span class='ocrx_word' id='word_1_186' title='bbox 1408 1659 1692 1698; x_wconf 87' lang='lat' dir='ltr'>ammonicione</span> 
     </span>
     <span class='ocr_line' id='line_1_25' title="bbox 278 1718 1689 1770; baseline -0.002 -10"><span class='ocrx_word' id='word_1_187' title='bbox 278 1721 454 1768; x_wconf 88' lang='lat' dir='ltr'>cessauit,</span> <span class='ocrx_word' id='word_1_188' title='bbox 484 1721 550 1759; x_wconf 88' lang='lat' dir='ltr'>sed</span> <span class='ocrx_word' id='word_1_189' title='bbox 571 1733 637 1770; x_wconf 90' lang='lat' dir='ltr'>per</span> <span class='ocrx_word' id='word_1_190' title='bbox 657 1719 827 1769; x_wconf 86' lang='lat' dir='ltr'>singulos</span> <span class='ocrx_word' id='word_1_191' title='bbox 842 1719 921 1757; x_wconf 91' lang='lat' dir='ltr'>dies</span> <span class='ocrx_word' id='word_1_192' title='bbox 941 1720 1184 1765; x_wconf 84' lang='lat' dir='ltr'>admonebat,</span> <span class='ocrx_word' id='word_1_193' title='bbox 1206 1719 1435 1768; x_wconf 79' lang='lat' dir='ltr'>predicabat,</span> <span class='ocrx_word' id='word_1_194' title='bbox 1453 1718 1689 1765; x_wconf 82' lang='lat' dir='ltr'>obsecrabat,</span> 
     </span>
    </p>

    <p class='ocr_par' dir='ltr' id='par_1_8' title="bbox 154 1777 1691 1889">
     <span class='ocr_line' id='line_1_26' title="bbox 154 1777 1691 1830; baseline -0.003 -9"><span class='ocrx_word' id='word_1_195' title='bbox 154 1787 259 1822; x_wconf 84' lang='lat' dir='ltr'>E156</span> <span class='ocrx_word' id='word_1_196' title='bbox 278 1786 468 1830; x_wconf 85' lang='lat' dir='ltr'>quatenus</span> <span class='ocrx_word' id='word_1_197' title='bbox 508 1780 675 1818; x_wconf 85' lang='lat' dir='ltr'>crederet</span> <span class='ocrx_word' id='word_1_198' title='bbox 697 1777 767 1827; x_wconf 83' lang='grc' dir='ltr'>Ι1111</span> <span class='ocrx_word' id='word_1_199' title='bbox 809 1778 1006 1817; x_wconf 86' lang='lat' dir='ltr'>Christum</span> <span class='ocrx_word' id='word_1_200' title='bbox 1044 1779 1253 1817; x_wconf 78' lang='lat' dir='ltr'>Dominum</span> <span class='ocrx_word' id='word_1_201' title='bbox 1290 1779 1410 1816; x_wconf 80' lang='lat' dir='ltr'>Deum</span> <span class='ocrx_word' id='word_1_202' title='bbox 1447 1783 1619 1816; x_wconf 62' lang='lat' dir='ltr'>nostr-mn</span> <span class='ocrx_word' id='word_1_203' title='bbox 1655 1783 1691 1816; x_wconf 88' lang='lat' dir='ltr'>et</span> 
     </span>
     <span class='ocr_line' id='line_1_27' title="bbox 278 1839 856 1889; baseline -0.005 -10"><span class='ocrx_word' id='word_1_204' title='bbox 278 1840 380 1879; x_wconf 77' lang='lat' dir='ltr'>eius*</span> <span class='ocrx_word' id='word_1_205' title='bbox 409 1839 632 1889; x_wconf 80' lang='lat' dir='ltr'>religionem</span> <span class='ocrx_word' id='word_1_206' title='bbox 661 1839 856 1888; x_wconf 86' lang='lat' dir='ltr'>reciperet.</span> 
     </span>
    </p>

    <p class='ocr_par' dir='ltr' id='par_1_9' title="bbox 279 1896 1693 2067">
     <span class='ocr_line' id='line_1_28' title="bbox 384 1896 1690 1946; baseline -0.002 -9"><span class='ocrx_word' id='word_1_207' title='bbox 384 1900 469 1937; x_wconf 85' lang='lat' dir='ltr'>Vna</span> <span class='ocrx_word' id='word_1_208' title='bbox 498 1904 626 1937; x_wconf 86' lang='lat' dir='ltr'>autem</span> <span class='ocrx_word' id='word_1_209' title='bbox 656 1898 803 1936; x_wconf 87' lang='lat' dir='ltr'>dierum</span> <span class='ocrx_word' id='word_1_210' title='bbox 833 1910 920 1936; x_wconf 87' lang='lat' dir='ltr'>cum</span> <span class='ocrx_word' id='word_1_211' title='bbox 950 1896 1150 1946; x_wconf 84' lang='lat' dir='ltr'>episcopus</span> <span class='ocrx_word' id='word_1_212' title='bbox 1190 1896 1431 1945; x_wconf 78' lang='lat' dir='ltr'>prolongaret</span> <span class='ocrx_word' id='word_1_213' title='bbox 1471 1910 1690 1935; x_wconf 85' lang='lat' dir='ltr'>sermonem</span> 
     </span>
     <span class='ocr_line' id='line_1_29' title="bbox 279 1954 1693 2008; baseline -0.002 -11"><span class='ocrx_word' id='word_1_214' title='bbox 279 1971 367 1997; x_wconf 87' lang='lat' dir='ltr'>cum</span> <span class='ocrx_word' id='word_1_215' title='bbox 397 1957 624 2008; x_wconf 86' lang='lat' dir='ltr'>philosopho</span> <span class='ocrx_word' id='word_1_216' title='bbox 655 1958 701 1995; x_wconf 88' lang='lat' dir='ltr'>de</span> <span class='ocrx_word' id='word_1_217' title='bbox 731 1957 802 1995; x_wconf 86' lang='lat' dir='ltr'>fide</span> <span class='ocrx_word' id='word_1_218' title='bbox 832 1961 868 1994; x_wconf 91' lang='lat' dir='ltr'>et</span> <span class='ocrx_word' id='word_1_219' title='bbox 897 1955 1078 2005; x_wconf 82' lang='lat' dir='ltr'>religione</span> <span class='ocrx_word' id='word_1_220' title='bbox 1107 1954 1415 2001; x_wconf 78' lang='lat' dir='ltr'>christianorum,</span> <span class='ocrx_word' id='word_1_221' title='bbox 1451 1955 1544 1994; x_wconf 80' lang='lat' dir='ltr'>dixit</span> <span class='ocrx_word' id='word_1_222' title='bbox 1572 1956 1693 2006; x_wconf 88' lang='lat' dir='ltr'>philo-</span> 
     </span>
     <span class='ocr_line' id='line_1_30' title="bbox 280 2014 1691 2067; baseline -0.002 -11"><span class='ocrx_word' id='word_1_223' title='bbox 280 2017 444 2067; x_wconf 84' lang='lat' dir='ltr'>sophus:</span> <span class='ocrx_word' id='word_1_224' title='bbox 483 2016 646 2055; x_wconf 86' lang='lat' dir='ltr'>Domine</span> <span class='ocrx_word' id='word_1_225' title='bbox 676 2015 865 2066; x_wconf 87' lang='lat' dir='ltr'>episcope,</span> <span class='ocrx_word' id='word_1_226' title='bbox 908 2015 1071 2053; x_wconf 90' lang='lat' dir='ltr'>multum</span> <span class='ocrx_word' id='word_1_227' title='bbox 1110 2014 1226 2052; x_wconf 82' lang='lat' dir='ltr'>michi</span> <span class='ocrx_word' id='word_1_228' title='bbox 1269 2014 1439 2064; x_wconf 82' lang='lat' dir='ltr'>displicet</span> <span class='ocrx_word' id='word_1_229' title='bbox 1479 2015 1552 2053; x_wconf 92' lang='lat' dir='ltr'>hoc</span> <span class='ocrx_word' id='word_1_230' title='bbox 1589 2016 1691 2064; x_wconf 81' lang='lat' dir='ltr'>quod</span> 
     </span>
    </p>

    <p class='ocr_par' dir='ltr' id='par_1_10' title="bbox 200 2073 1692 2362">
     <span class='ocr_line' id='line_1_31' title="bbox 200 2073 1692 2124; baseline -0.001 -9"><span class='ocrx_word' id='word_1_231' title='bbox 200 2079 251 2116; x_wconf 87' lang='lat'>30</span> <span class='ocrx_word' id='word_1_232' title='bbox 280 2076 400 2115; x_wconf 87' lang='lat' dir='ltr'>dicitis</span> <span class='ocrx_word' id='word_1_233' title='bbox 429 2089 499 2114; x_wconf 91' lang='lat' dir='ltr'>uos</span> <span class='ocrx_word' id='word_1_234' title='bbox 520 2075 728 2122; x_wconf 83' lang='lat' dir='ltr'>christiani,</span> <span class='ocrx_word' id='word_1_235' title='bbox 759 2075 848 2124; x_wconf 80' lang='lat' dir='ltr'>quia</span> <span class='ocrx_word' id='word_1_236' title='bbox 868 2074 955 2113; x_wconf 81' lang='lat' dir='ltr'>finis</span> <span class='ocrx_word' id='word_1_237' title='bbox 983 2073 1117 2112; x_wconf 90' lang='lat' dir='ltr'>mundi</span> <span class='ocrx_word' id='word_1_238' title='bbox 1139 2073 1207 2112; x_wconf 89' lang='lat' dir='ltr'>erit</span> <span class='ocrx_word' id='word_1_239' title='bbox 1236 2079 1271 2111; x_wconf 90' lang='lat' dir='ltr'>et</span> <span class='ocrx_word' id='word_1_240' title='bbox 1292 2079 1377 2123; x_wconf 87' lang='lat' dir='ltr'>post</span> <span class='ocrx_word' id='word_1_241' title='bbox 1398 2074 1512 2112; x_wconf 80' lang='lat' dir='ltr'>finem</span> <span class='ocrx_word' id='word_1_242' title='bbox 1543 2087 1692 2122; x_wconf 82' lang='lat' dir='ltr'>omnes⁷</span> 
     </span>
     <span class='ocr_line' id='line_1_32' title="bbox 281 2133 1692 2185; baseline -0.001 -11"><span class='ocrx_word' id='word_1_243' title='bbox 281 2135 343 2185; x_wconf 83' lang='lat' dir='ltr'>qui</span> <span class='ocrx_word' id='word_1_244' title='bbox 364 2150 386 2174; x_wconf 85' lang='lat' dir='ltr'>a</span> <span class='ocrx_word' id='word_1_245' title='bbox 405 2136 532 2174; x_wconf 86' lang='lat' dir='ltr'>seculo</span> <span class='ocrx_word' id='word_1_246' title='bbox 553 2138 664 2173; x_wconf 79' lang='lat' dir='ltr'>sunt*</span> <span class='ocrx_word' id='word_1_247' title='bbox 684 2133 764 2172; x_wconf 85' lang='lat' dir='ltr'>nati</span> <span class='ocrx_word' id='word_1_248' title='bbox 785 2134 961 2172; x_wconf 87' lang='lat' dir='ltr'>homines</span> <span class='ocrx_word' id='word_1_249' title='bbox 982 2133 1018 2171; x_wconf 90' lang='lat' dir='ltr'>in</span> <span class='ocrx_word' id='word_1_250' title='bbox 1050 2133 1123 2171; x_wconf 90' lang='lat' dir='ltr'>hoc</span> <span class='ocrx_word' id='word_1_251' title='bbox 1143 2134 1282 2179; x_wconf 88' lang='lat' dir='ltr'>seculo,</span> <span class='ocrx_word' id='word_1_252' title='bbox 1305 2139 1506 2183; x_wconf 80' lang='lat' dir='ltr'>resurgant</span> <span class='ocrx_word' id='word_1_253' title='bbox 1534 2146 1692 2184; x_wconf 85' lang='lat' dir='ltr'>corpore</span> 
     </span>
     <span class='ocr_line' id='line_1_33' title="bbox 281 2192 1690 2244; baseline -0.001 -12"><span class='ocrx_word' id='word_1_254' title='bbox 281 2200 317 2233; x_wconf 85' lang='lat' dir='ltr'>et</span> <span class='ocrx_word' id='word_1_255' title='bbox 357 2194 395 2232; x_wconf 90' lang='lat' dir='ltr'>in</span> <span class='ocrx_word' id='word_1_256' title='bbox 438 2207 552 2232; x_wconf 87' lang='lat' dir='ltr'>carne</span> <span class='ocrx_word' id='word_1_257' title='bbox 594 2195 667 2232; x_wconf 82' lang='lat' dir='ltr'>hac</span> <span class='ocrx_word' id='word_1_258' title='bbox 707 2193 1013 2244; x_wconf 85' lang='lat' dir='ltr'>incorruptibiles</span> <span class='ocrx_word' id='word_1_259' title='bbox 1058 2199 1094 2231; x_wconf 89' lang='lat' dir='ltr'>et</span> <span class='ocrx_word' id='word_1_260' title='bbox 1132 2192 1392 2231; x_wconf 75' lang='lat' dir='ltr'>indeficientes</span> <span class='ocrx_word' id='word_1_261' title='bbox 1433 2194 1471 2231; x_wconf 91' lang='lat' dir='ltr'>in</span> <span class='ocrx_word' id='word_1_262' title='bbox 1515 2198 1690 2231; x_wconf 85' lang='lat' dir='ltr'>eternum</span> 
     </span>
     <span class='ocr_line' id='line_1_34' title="bbox 281 2251 1691 2303; baseline -0.001 -11"><span class='ocrx_word' id='word_1_263' title='bbox 281 2253 414 2292; x_wconf 85' lang='lat' dir='ltr'>uiuant</span> <span class='ocrx_word' id='word_1_264' title='bbox 444 2258 480 2291; x_wconf 80' lang='lat' dir='ltr'>et</span> <span class='ocrx_word' id='word_1_265' title='bbox 510 2267 582 2302; x_wconf 78' lang='lat' dir='ltr'>quc</span> <span class='ocrx_word' id='word_1_266' title='bbox 611 2253 672 2291; x_wconf 90' lang='grc'>1110</span> <span class='ocrx_word' id='word_1_267' title='bbox 700 2252 844 2303; x_wconf 86' lang='lat' dir='ltr'>operati</span> <span class='ocrx_word' id='word_1_268' title='bbox 874 2251 1013 2290; x_wconf 88' lang='lat' dir='ltr'>suerint</span> <span class='ocrx_word' id='word_1_269' title='bbox 1049 2251 1120 2290; x_wconf 92' lang='lat' dir='ltr'>illic</span> <span class='ocrx_word' id='word_1_270' title='bbox 1151 2251 1332 2301; x_wconf 77' lang='lat' dir='ltr'>recipiant</span> <span class='ocrx_word' id='word_1_271' title='bbox 1361 2252 1507 2297; x_wconf 83' lang='lat' dir='ltr'>merita,</span> <span class='ocrx_word' id='word_1_272' title='bbox 1538 2258 1573 2290; x_wconf 87' lang='lat' dir='ltr'>et</span> <span class='ocrx_word' id='word_1_273' title='bbox 1603 2265 1691 2301; x_wconf 77' lang='lat' dir='ltr'>quo-</span> 
     </span>
     <span class='ocr_line' id='line_1_35' title="bbox 282 2311 1692 2362; baseline -0.001 -11"><span class='ocrx_word' id='word_1_274' title='bbox 282 2313 385 2351; x_wconf 84' lang='lat' dir='ltr'>niam</span> <span class='ocrx_word' id='word_1_275' title='bbox 415 2313 478 2362; x_wconf 80' lang='lat' dir='ltr'>qui</span> <span class='ocrx_word' id='word_1_276' title='bbox 508 2313 710 2351; x_wconf 86' lang='lat' dir='ltr'>miseretur</span> <span class='ocrx_word' id='word_1_277' title='bbox 740 2311 895 2362; x_wconf 84' lang='lat' dir='ltr'>pauperi</span> <span class='ocrx_word' id='word_1_278' title='bbox 924 2312 1142 2349; x_wconf 81' lang='lat' dir='ltr'>commodat</span> <span class='ocrx_word' id='word_1_279' title='bbox 1172 2311 1249 2349; x_wconf 86' lang='lat' dir='ltr'>Deo</span> <span class='ocrx_word' id='word_1_280' title='bbox 1279 2317 1314 2349; x_wconf 86' lang='lat' dir='ltr'>et</span> <span class='ocrx_word' id='word_1_281' title='bbox 1344 2312 1444 2361; x_wconf 75' lang='lat' dir='ltr'>quod</span> <span class='ocrx_word' id='word_1_282' title='bbox 1474 2311 1692 2361; x_wconf 81' lang='lat' dir='ltr'>disperserit</span> 
     </span>
    </p>
   </div>
   <div class='ocr_carea' id='block_1_5' title="bbox 373 2397 561 2399">
    <p class='ocr_par' dir='ltr' id='par_1_11' title="bbox 373 2397 561 2399">
     <span class='ocr_line' id='line_1_36' title="bbox 373 2397 561 2399; baseline 0 0"><span class='ocrx_word' id='word_1_283' title='bbox 373 2397 561 2399; x_wconf 95' lang='lat' dir='ltr'> </span> 
     </span>
    </p>
   </div>
   <div class='ocr_carea' id='block_1_6' title="bbox 282 2440 1696 2645">
    <p class='ocr_par' dir='ltr' id='par_1_12' title="bbox 282 2440 1696 2645">
     <span class='ocr_line' id='line_1_37' title="bbox 388 2440 1696 2485; baseline -0.001 -10"><span class='ocrx_word' id='word_1_284' title='bbox 388 2443 408 2475; x_wconf 74' lang='lat'>:2</span> <span class='ocrx_word' id='word_1_285' title='bbox 435 2441 523 2485; x_wconf 57' lang='lat' dir='ltr'>eius]</span> <span class='ocrx_word' id='word_1_286' title='bbox 549 2444 587 2481; x_wconf 74' lang='grc'>-1-</span> <span class='ocrx_word' id='word_1_287' title='bbox 620 2453 701 2475; x_wconf 73' lang='grc'>011111</span> <span class='ocrx_word' id='word_1_288' title='bbox 728 2453 806 2485; x_wconf 81' lang='lat' dir='ltr'>exp.</span> <span class='ocrx_word' id='word_1_289' title='bbox 827 2441 900 2475; x_wconf 79' lang='grc' dir='ltr'>ΕΚ</span> <span class='ocrx_word' id='word_1_290' title='bbox 961 2442 977 2474; x_wconf 87' lang='grc'>7</span> <span class='ocrx_word' id='word_1_291' title='bbox 1005 2444 1125 2474; x_wconf 79' lang='lat' dir='ltr'>nutem</span> <span class='ocrx_word' id='word_1_292' title='bbox 1152 2441 1231 2474; x_wconf 90' lang='grc' dir='ltr'>ΕΚ</span> <span class='ocrx_word' id='word_1_293' title='bbox 1287 2442 1325 2474; x_wconf 71' lang='lat'>12</span> <span class='ocrx_word' id='word_1_294' title='bbox 1352 2440 1591 2474; x_wconf 80' lang='lat' dir='ltr'>Alexandrine</span> <span class='ocrx_word' id='word_1_295' title='bbox 1615 2440 1696 2475; x_wconf 85' lang='grc' dir='ltr'>ΕΚ</span> 
     </span>
     <span class='ocr_line' id='line_1_38' title="bbox 286 2493 1690 2536; baseline -0.001 -8"><span class='ocrx_word' id='word_1_296' title='bbox 286 2496 327 2528; x_wconf 75' lang='grc'>13</span> <span class='ocrx_word' id='word_1_297' title='bbox 353 2495 549 2536; x_wconf 60' lang='lat' dir='ltr'>Euam-ium</span> <span class='ocrx_word' id='word_1_298' title='bbox 574 2495 651 2529; x_wconf 77' lang='lat' dir='ltr'>EA·</span> <span class='ocrx_word' id='word_1_299' title='bbox 710 2496 751 2529; x_wconf 79' lang='lat'>16</span> <span class='ocrx_word' id='word_1_300' title='bbox 777 2494 956 2529; x_wconf 72' lang='lat' dir='ltr'>Sinescius</span> <span class='ocrx_word' id='word_1_301' title='bbox 982 2495 1062 2529; x_wconf 84' lang='grc' dir='ltr'>ΕΚ</span> <span class='ocrx_word' id='word_1_302' title='bbox 1126 2495 1165 2527; x_wconf 64' lang='grc'>15</span> <span class='ocrx_word' id='word_1_303' title='bbox 1192 2493 1335 2527; x_wconf 75' lang='lat' dir='ltr'>nolebat</span> <span class='ocrx_word' id='word_1_304' title='bbox 1367 2494 1444 2528; x_wconf 77' lang='grc' dir='ltr'>ΕΚ</span> <span class='ocrx_word' id='word_1_305' title='bbox 1506 2495 1546 2527; x_wconf 73' lang='lat'>1⁴.)</span> <span class='ocrx_word' id='word_1_306' title='bbox 1570 2493 1690 2528; x_wconf 77' lang='lat' dir='ltr'>christ.</span> 
     </span>
     <span class='ocr_line' id='line_1_39' title="bbox 282 2547 1693 2590; baseline -0.001 -8"><span class='ocrx_word' id='word_1_307' title='bbox 282 2549 383 2583; x_wconf 85' lang='lat' dir='ltr'>illum</span> <span class='ocrx_word' id='word_1_308' title='bbox 410 2549 469 2589; x_wconf 87' lang='lat' dir='ltr'>(ill.</span> <span class='ocrx_word' id='word_1_309' title='bbox 488 2549 560 2582; x_wconf 80' lang='lat' dir='ltr'>chr.</span> <span class='ocrx_word' id='word_1_310' title='bbox 580 2548 630 2589; x_wconf 84' lang='lat' dir='ltr'>K)</span> <span class='ocrx_word' id='word_1_311' title='bbox 656 2549 786 2582; x_wconf 83' lang='lat' dir='ltr'>faceret</span> <span class='ocrx_word' id='word_1_312' title='bbox 811 2549 890 2583; x_wconf 89' lang='grc' dir='ltr'>ΕΚ</span> <span class='ocrx_word' id='word_1_313' title='bbox 936 2549 979 2582; x_wconf 67' lang='lat'>22&gt;</span> <span class='ocrx_word' id='word_1_314' title='bbox 999 2548 1120 2590; x_wconf 67' lang='lat' dir='ltr'>ipsius!</span> <span class='ocrx_word' id='word_1_315' title='bbox 1144 2550 1181 2587; x_wconf 57' lang='grc'>«1-</span> <span class='ocrx_word' id='word_1_316' title='bbox 1203 2548 1354 2580; x_wconf 72' lang='lat' dir='ltr'>satutem</span> <span class='ocrx_word' id='word_1_317' title='bbox 1380 2547 1460 2581; x_wconf 83' lang='grc' dir='ltr'>ΕΚ</span> <span class='ocrx_word' id='word_1_318' title='bbox 1505 2548 1549 2580; x_wconf 70' lang='lat'>23</span> <span class='ocrx_word' id='word_1_319' title='bbox 1575 2559 1596 2580; x_wconf 77' lang='lat' dir='ltr'>a</span> <span class='ocrx_word' id='word_1_320' title='bbox 1619 2558 1693 2581; x_wconf 76' lang='lat' dir='ltr'>ino—</span> 
     </span>
     <span class='ocr_line' id='line_1_40' title="bbox 283 2600 1342 2645; baseline 0 -10"><span class='ocrx_word' id='word_1_321' title='bbox 283 2602 417 2636; x_wconf 83' lang='lat' dir='ltr'>nitionc</span> <span class='ocrx_word' id='word_1_322' title='bbox 444 2603 523 2636; x_wconf 79' lang='grc' dir='ltr'>ΕΚ</span> <span class='ocrx_word' id='word_1_323' title='bbox 583 2604 627 2635; x_wconf 70' lang='lat'>2¹.)</span> <span class='ocrx_word' id='word_1_324' title='bbox 653 2602 772 2645; x_wconf 81' lang='lat' dir='ltr'>michi]</span> <span class='ocrx_word' id='word_1_325' title='bbox 811 2602 872 2635; x_wconf 84' lang='lat' dir='ltr'>tibi</span> <span class='ocrx_word' id='word_1_326' title='bbox 901 2605 927 2635; x_wconf 67' lang='lat' dir='ltr'><em>S</em></span> <span class='ocrx_word' id='word_1_327' title='bbox 991 2604 1035 2635; x_wconf 69' lang='lat'>:33</span> <span class='ocrx_word' id='word_1_328' title='bbox 1070 2600 1240 2644; x_wconf 77' lang='lat' dir='ltr'>recipient</span> <span class='ocrx_word' id='word_1_329' title='bbox 1264 2601 1342 2635; x_wconf 84' lang='grc' dir='ltr'>ΕΚ</span> 
     </span>
    </p>
   </div>
  </div>
 </body>
</html>
