1834 2967
682 168 945 205 -23—

111 290 290 328 uoluntas
320 290 382 329 fiat
413 290 452 328 in
482 291 573 337 celo,
603 290 642 327 in
672 295 782 336 terra,
814 289 850 327 in
882 303 987 328 mare
1016 294 1051 328 et
1081 290 1340 329 inmunibus
1369 291 1516 330 abissis.

109 348 154 387 Et
194 350 266 387 hec
306 349 435 388 dicens
478 349 704 387 Theodorus
746 348 873 387 exiens
920 349 1074 387 intrauit
1117 352 1164 387 in
1207 363 1347 388 nauem
1394 363 1515 390 suam.

214 409 403 458 Prospero
423 414 551 446 autem
572 408 708 446 flante*
728 412 845 446 uento
865 410 973 445 uenit
992 407 1031 445 in
1053 407 1180 445 sinum
1207 408 1271 457 qui
1292 408 1426 447 dicitur
1454 412 1519 448 ad-

109 468 232 506 talessco.
289 467 435 505 Exinde
471 472 651 517 ceperunt
681 465 785 504 uenti
819 465 1043 504 contrarii**
1071 479 1254 516 exurgere
1283 473 1328 505 et
1357 481 1462 506 nunc
1499 483 1520 506 a

108 531 220 573 terray
250 539 355 565 nunc
381 539 402 565 a
429 526 573 576 pelago.
612 524 730 563 Nauis
751 537 843 563 uero
863 525 1121 564 fluctuabatur
1140 525 1179 563 in
1200 525 1337 566 medio.
1376 526 1520 565 Deinde
1577 530 1599 564 ἴ)

108 591 224 624 uento
262 585 388 624 ualido
431 589 651 633 exurgente,
691 584 787 633 cepit
830 584 939 622 nauis
975 583 1074 622 trahi
1103 598 1125 622 a
1154 584 1191 622 ui
1220 587 1329 623 uenti
1356 587 1518 624 illius.

111 643 369 694 Prolongatur
415 649 543 682 autem
585 642 763 681 fortitudo
805 643 910 681 uenti
950 642 1049 680 illius
1091 656 1158 693 per
1199 643 1278 681 dies
1321 644 1518 693 plurimos.

109 703 356 741 Deuenerunt
371 708 499 740 autem
515 701 554 740 in
571 702 664 740 locis
682 704 899 752 «ιήσοῃηὶίὶε,
919 701 984 740 ubi
1006 702 1228 740 nesciebant
1251 702 1410 741 omnino
1430 703 1520 752 quid

108 761 182 800 illis
212 761 418 811 contigerat
447 761 509 799 uel
546 760 611 799 ubi
641 766 781 799 essent.
837 761 1020 799 Videntes
1049 766 1177 799 autem
1215 774 1237 799 a
1273 760 1429 811 longe**
1466 762 1519 800 in-

111 820 256 859 sulam*
292 821 498 869 quandam,
538 819 716 858 dixerunt
749 819 984 858 adinuicem:
1026 819 1300 869 Confugiamus
1321 821 1384 858 *ad
1419 821 1519 859 hanc
1552 821 1599 858 10

108 879 273 917 insulam
303 884 338 917 et
372 879 567 917 discamus
604 879 669 917 ubi
707 891 853 917 sumus.
910 878 1022 917 Inscii
1060 879 1164 917 enim
1203 892 1338 917 sumus
1378 880 1520 918 horum

108 938 291 977 locorum.
333 938 413 976 Deo
442 943 571 976 autem
598 943 826 988 cooperante
846 938 1182 988 apprehenderunt
1211 938 1400 977 insulam*
1417 938 1519 977 illam

104 998 249 1046 absque
277 997 383 1036 omni
410 996 566 1035 lesione.

210 1056 307 1094 Cum
336 1061 465 1094 autem
495 1057 708 1094 secundum
737 1055 1055 1094 consuetudinem
1075 1055 1273 1094 iactassent
1297 1056 1518 1102 anchoram,

105 1114 344 1156 stabilierunt
373 1128 531 1163 nauem;
561 1117 757 1153 uenientes
776 1121 930 1153 autem
958 1114 1137 1153 homines
1166 1115 1237 1153 loci
1264 1114 1375 1162 illius,
1405 1114 1517 1154 inter·
1551 1116 1581 1152 1.

104 1174 291 1224 rogabant
311 1187 376 1212 eos
405 1175 508 1212 unde
528 1179 668 1212 essent.
712 1174 786 1221 Qui
806 1174 1083 1223 respondentes
1104 1174 1298 1213 dixerunt:
1329 1174 1518 1212 Constan-

101 1232 338 1283 tinopolitani
359 1246 493 1271 sumus
523 1233 788 1283 negotiatores.
845 1234 1096 1271 Mercimonia
1125 1232 1228 1271 enim
1258 1237 1455 1283 portamus
1481 1239 1516 1272 et

102 1293 149 1330 ad
171 1292 308 1330 Siriam
329 1305 417 1330 cum
437 1291 504 1330 Dei
525 1292 754 1330 adiutorio**
768 1306 928 1342 peryere
947 1292 1138 1330 uolumus.
1195 1291 1250 1330 Illi
1270 1297 1399 1330 autem
1419 1305 1518 1330 res-

95 1353 359 1400 pondentes
388 1351 584 1390 dixerunt:
613 1352 693 1389 Nos
723 1352 856 1389 fratres
884 1351 1135 1389 occidentales
1165 1364 1300 1389 sumus
1329 1357 1365 1389 et
1393 1364 1517 1400 neque

102 1410 290 1448 ciuitatem
313 1423 428 1459 quam
445 1409 610 1449 dicitis**
630 1410 772 1448 scimus
793 1423 918 1459 neque
935 1410 1085 1448 Siriam.
1128 1410 1207 1448 Nos
1227 1412 1351 1449 enim
1372 1423 1515 1449 oceano
1546 1411 1595 1447 20

101 1482 208 1507 mare
228 1482 361 1508 sumus
382 1469 587 1508 conuincti.
626 1469 746 1507 Dicite
765 1473 893 1508 autem
924 1469 1011 1518 quid
1041 1474 1098 1507 est
1122 1469 1197 1507 hoc
1225 1470 1326 1518 quod
1347 1469 1515 1519 portatis,

103 1533 143 1566 ut
172 1541 346 1567 emamus
374 1541 421 1566 ex
450 1531 517 1567 eis.
560 1528 634 1576 Qui
663 1529 861 1567 dixerunt:
891 1529 971 1566 Hec
1000 1533 1089 1566 sunt
1118 1527 1276 1578 species,
1308 1528 1512 1573 Stirachin.

101 1586 257 1626 Mastice
276 1601 464 1626 necnon
493 1593 528 1626 et
550 1589 587 1625 Z
591 1588 669 1626 izea
690 1592 726 1626 et
746 1587 865 1626 serica
884 1587 1110 1625 indumenta
1129 1587 1290 1625 diuersis
1310 1586 1514 1625 coloribus.

101 1646 272 1684 Insulani
285 1645 481 1685 dixerunt:
502 1646 672 1696 Accipite
693 1660 715 1684 a
729 1646 840 1685 nobis
856 1659 1002 1684 merces
1020 1659 1114 1695 quas
1129 1646 1330 1693 habemus,
1347 1647 1404 1684 et*
1420 1646 1515 1684 tolli-

100 1717 187 1743 mus
215 1718 287 1743 nos
317 1718 363 1743 ex
383 1705 575 1744 mercibus
604 1719 699 1755 quas
719 1705 881 1744 habetis.
920 1705 966 1743 Et
985 1705 1035 1744 ait
1055 1705 1300 1744 Theodorus:
1330 1705 1430 1751 Quid
1459 1709 1515 1743 est
1545 1705 1593 1742 925

102 1764 202 1814 quod
222 1763 334 1802 nobis
355 1765 469 1803 uultis
484 1766 600 1804 darc?
642 1764 715 1811 Qui
730 1764 928 1803 dixerunt:
951 1764 1140 1814 Stagnum
1160 1768 1196 1802 et
1216 1764 1428 1814 plumbum.
1471 1763 1514 1802 Et

100 1823 378 1862 constituerunt
392 1823 558 1862 inuicem
575 1837 615 1863 se
632 1826 760 1873 stagni
772 1823 886 1862 libras
902 1828 1056 1862 centum
1071 1823 1110 1861 in
1127 1822 1246 1861 solido
1260 1835 1350 1868 uno,
1367 1823 1515 1872 plumbi

105 1895 196 1920 uero
215 1882 331 1921 libras
351 1883 554 1930 ducentas;
583 1885 634 1921 in
654 1884 728 1921 hoc
757 1885 885 1921 enim
915 1883 1061 1933 placito,
1090 1888 1132 1920 ut
1161 1883 1253 1920 dum
1282 1882 1513 1920 honerat-ent

101 1954 254 1988 nauem,
284 1944 319 1979 si
338 1944 429 1992 quid
457 1944 593 1981 exinde
622 1947 835 1992 superesset
859 1943 904 1980 de
930 1941 1134 1987 mercibus,
1165 1941 1339 1979 tollerent
1367 1954 1512 1979 aurum.

102 2000 186 2038 Hac
215 2000 482 2039 conuenientia
517 1999 532 2050 Η
565 2001 663 2039 inter
692 2014 732 2039 se
759 2003 878 2050 facta,
917 2001 1084 2039 tulerunt
1122 2006 1301 2049 stagnum
1330 2004 1365 2038 et
1394 2000 1513 2050 plum·
1533 1998 1575 2031 W
1590 1999 1654 2032 162

103 2059 195 2097 bum
244 2065 280 2097 et
320 2059 577 2110 impleuerunt
615 2073 767 2106 nauem,
816 2065 1003 2109 quantum
1043 2059 1162 2109 potuit
1203 2058 1403 2098 sustinere.
1469 2059 1511 2096 Et

103 2123 403 2157 annumerantes
433 2132 507 2168 que
536 2124 760 2169 supererant
789 2117 1040 2157 mercimonia
1068 2118 1301 2156 inuenerunt
1330 2118 1513 2168 quinqua-

103 2177 207 2227 ginta
252 2177 368 2216 libras
415 2177 518 2225 auri;
565 2178 766 2228 plumbum
813 2190 906 2216 uero
953 2182 988 2216 et
1036 2182 1216 2227 stagnum
1266 2183 1512 2227 superauerat

106 2237 145 2274 in
174 2237 290 2275 lucro.

212 2398 254 2432 27
282 2409 320 2432 se
346 2398 403 2437 Ωΐς
440 2397 482 2431 de
511 2397 547 2430 1²¹
569 2397 608 2439 (5³)
658 2397 779 2440 stagni
808 2397 864 2436 2η
900 2399 1026 2440 stagno
1057 2397 1094 2429 1a
1149 2396 1290 2440 plumbi
1315 2398 1371 2438 2r;
1398 2397 1513 2441 plum-

103 2451 191 2485 bum
223 2452 261 2484 ]st
281 2450 320 2491 (5³)
372 2450 416 2484 28
442 2453 481 2484 ut
508 2450 563 2490 ΞΠ
590 2461 702 2494 usque
733 2450 769 2483 18ι
789 2450 828 2491 (·.>)
877 2450 922 2483 ⁶29
948 2449 976 2483 si
1003 2448 1086 2493 quid
1113 2451 1220 2483 ex-Qr
1265 2450 1307 2484 de
1333 2451 1384 2493 llll
1413 2451 1514 2484 meri-

102 2504 168 2538 bus
194 2504 257 2538 Ms
