1834 2967
139 236 223 273 me*
253 234 433 284 aspicere,
464 247 551 273 cum
581 235 835 285 appenderitis
865 248 938 273 me.
995 235 1040 273 Et
1069 234 1263 273 dixerunt:
1299 235 1450 282 Quare?
1506 235 1551 273 Et

140 293 233 332 dixit
261 293 333 332 eis:
370 294 479 340 Vere,
515 293 660 332 domini
690 293 775 340 mei,
814 306 893 331 non
928 294 1052 332 habeo
1094 294 1168 331 nisi
1209 299 1353 344 septem
1382 307 1550 340 menses,

140 365 188 390 ex
217 366 291 402 quo
321 358 498 391 sanctum
528 353 762 403 baptismum
792 351 942 402 suscepi
971 357 1007 390 et
1041 352 1161 390 factus
1191 365 1278 391 sum
1307 353 1548 391 christianus.

142 411 267 450 Senex
296 417 423 450 autern
453 411 657 461 indignans
687 417 722 450 et
752 411 914 449 irridens
946 411 1064 449 uerba
1093 411 1244 449 iuuenis
1273 411 1341 450 ait:
1372 412 1431 450 Me
1458 425 1550 450 uero

139 476 273 509 contra
301 470 462 520 Serapin
492 475 528 509 et
557 470 768 508 Saturnum
803 470 912 508 facite
948 469 1128 520 aspicere.
1184 470 1233 508 Vt
1261 475 1389 508 autem
1425 471 1550 509 audie·
1606 488 1629 509 ε)

141 535 230 567 runt
259 529 395 567 milites
425 529 703 579 blasphemiam
733 528 849 574 senis,
878 529 1144 578 appenderunt
1163 528 1288 578 ipsum
1319 529 1497 578 primum.

248 587 491 627 Prouidentia
520 601 612 626 uero
642 587 708 626 Dei
748 600 869 637 usque
908 588 1000 625 dum
1038 587 1144 625 illum
1180 587 1426 634 infurcarent,
1465 601 1550 626 ecce

141 647 365 686 caballarius
395 647 433 685 in
471 647 697 685 festinancia
726 646 868 684 missus
906 647 953 684 ad
991 646 1130 684 milites
1167 646 1215 684 ab
1244 646 1468 697 Augustalio
1510 653 1551 685 ut

142 719 275 744 senem
304 705 457 755 quidem
486 707 758 756 appenderent,
790 705 970 744 iuuenem
1000 710 1129 744 autem
1158 707 1206 744 ad
1245 718 1285 744 se
1314 706 1549 744 reducerent.

138 765 253 812 Quod
280 765 476 803 audientes
514 764 653 804 milites
692 764 811 814 gauisi
850 770 939 802 sunt
968 764 1105 814 gaudio
1146 777 1287 815 magno
1325 770 1360 803 et
1399 765 1462 814 qui
1499 764 1550 803 ibi
1583 766 1630 803 10

140 825 293 862 stabant
321 824 630 874 glorificauerunt
659 825 783 862 Deum
812 824 875 873 qui
905 824 1032 862 saluos
1071 823 1157 862 facit
1193 829 1390 874 sperantes
1420 824 1456 862 in
1498 837 1550 863 se.

141 884 186 921 Et
215 884 439 922 reducentes
475 884 581 922 illum
620 884 667 922 ad
705 883 915 933 pretorium
954 888 1275 933 presentauerunt
1312 883 1549 933 Augustalio.

138 943 264 990 Quem
285 948 326 981 ut
346 943 452 989 uidit,
482 943 583 981 dedit
603 943 636 981 ei
656 943 749 981 abso
765 942 959 981 *lationem
980 948 1015 981 et
1036 942 1177 981 dimisit
1196 943 1235 980 in
1256 956 1358 993 pace.
1397 942 1550 981 quenis
1565 947 1692 981 K131v

138 1007 267 1040 autem
297 1002 387 1040 abiit
417 1007 452 1040 et
481 1002 600 1040 sactus
631 1007 685 1040 est
716 1001 1014 1052 perfectissimus
1044 1001 1269 1040 monachus

247 1061 327 1099 Hec
348 1074 439 1099 uero
467 1060 701 1111 scripsimus,
733 1066 772 1098 ut
802 1061 923 1099 sciant
953 1073 1087 1098 omnes
1118 1060 1206 1110 quia
1235 1060 1342 1098 nouit
1361 1060 1550 1099 Dominus
1583 1061 1628 1097 15

141 1119 261 1158 iustos
291 1121 337 1158 de
358 1119 670 1170 temptationibus
700 1120 857 1170 eripere,
886 1119 1024 1170 impios
1045 1125 1172 1158 autem
1202 1132 1356 1158 seruare
1385 1120 1432 1158 ad
1449 1119 1549 1158 diem

140 1184 433 1217 tormentorum.

553 1324 622 1369 11.
657 1323 821 1368 Simile
853 1323 1137 1378 supradicto.

138 1419 268 1506 Idem
311 1420 430 1458 abbas
473 1420 664 1458 Palladius
703 1419 873 1458 narrauit
919 1419 1031 1458 nobis
1069 1424 1106 1457 et
1142 1420 1216 1458 hoc
1254 1420 1356 1469 quod
1394 1418 1550 1468 quidam

212 1485 359 1518 amator
394 1478 534 1517 Christi
574 1479 696 1517 fuerat
732 1478 912 1517 habitans
951 1478 986 1516 in
1027 1478 1260 1517 Alexandria
1298 1479 1429 1517 ualde*
1468 1478 1549 1516 reli·
1588 1481 1639 1518 ΞΟ

138 1538 269 1588 giosus
299 1544 334 1577 et
363 1538 633 1576 elemosinator
662 1543 697 1576 et
727 1544 923 1588 susceptor
952 1551 1164 1588 pauperum
1203 1543 1316 1588 atque
1345 1538 1551 1576 monacho-

139 1611 237 1644 rum,
260 1596 274 1647 ΙΙ
294 1598 443 1636 habens
472 1610 633 1636 uxorem
653 1597 804 1636 fidelem
825 1602 861 1635 et
889 1597 1088 1635 timentem
1109 1597 1231 1635 Deum
1252 1602 1287 1635 et
1316 1597 1550 1635 ieiunantem
1575 1604 1675 1638 S70v

137 1657 308 1704 cottidie3
337 1657 534 1695 habebant
562 1669 655 1695 uero
684 1662 720 1694 et
749 1656 903 1695 unicam
932 1655 1047 1694 filiam
1077 1669 1269 1694 annorum
1299 1669 1377 1694 sex.
1419 1663 1421 1666 ’

245 1716 317 1754 Hic
346 1721 474 1754 autem
505 1715 562 1754 uir
592 1716 758 1765 quodam
788 1721 959 1765 tempore
993 1715 1113 1753 uoluit
1142 1715 1346 1765 nauigare
1380 1715 1420 1753 in
1450 1714 1668 1756 Con-E150

137 1775 447 1825 stantinopolim3
492 1780 572 1813 erat
615 1775 718 1813 enim
757 1774 990 1824 negociator.
1061 1774 1106 1812 Et
1144 1773 1284 1812 dimisit
1321 1786 1480 1811 uxorem
1515 1778 1551 1811 et
1580 1777 1629 1814 25

138 1833 256 1872 filiam
284 1833 323 1871 in
353 1835 466 1872 domo
495 1847 582 1872 cum
613 1846 724 1872 seruo
754 1846 844 1871 uno.
903 1833 1000 1871 Cum
1030 1846 1121 1871 uero
1158 1833 1276 1871 exiret
1310 1846 1332 1871 a
1366 1833 1480 1870 domo
1510 1837 1550 1870 ut

139 1892 209 1931 iret
231 1894 278 1931 ad
298 1906 452 1940 nauem,
483 1893 576 1931 dixit
597 1892 630 1931 ei
660 1906 748 1931 cum
769 1892 935 1931 lacrimis
964 1905 1062 1930 uxor
1081 1905 1168 1931 sua:
1200 1892 1269 1930 Cui
1290 1905 1360 1930 nos
1381 1891 1550 1938 dimittis,

139 1951 295 1990 domine
323 1951 400 1990 mi?
455 1952 505 1990 At
534 1952 594 1990 ille
623 1952 861 2001 respondens
891 1950 959 1990 ait:
990 1950 1237 1989 Dominatrici
1267 1956 1393 1989 uestre
1421 1956 1551 1989 sancte

139 2010 206 2048 Dei
237 2010 417 2049 Genitrici
446 2015 482 2048 et
511 2010 648 2060 uirgini
678 2010 807 2048 Marie.

247 2069 331 2108 Vna
360 2074 487 2108 autem
516 2069 664 2108 dierum
694 2082 781 2107 cum
810 2069 957 2107 sederet
986 2068 1122 2107 mulier
1150 2082 1228 2107 una
1249 2081 1337 2107 cum
1365 2068 1441 2108 filia
1469 2082 1551 2114 sua,
1580 2072 1631 2108 30

141 2134 182 2167 ut
211 2133 431 2178 operaretur
460 2141 556 2178 opus
599 2141 726 2175 suum,
764 2128 972 2178 inspiratus
1010 2141 1032 2166 a
1068 2126 1221 2166 diabolo
1259 2141 1395 2167 seruus
1432 2128 1552 2166 uoluit

138 2187 311 2226 occidere
340 2193 503 2226 matrem
533 2200 621 2226 cum
650 2187 724 2225 filia
754 2193 789 2226 et
819 2187 949 2226 tollere
970 2186 1152 2236 quidquid
1180 2187 1339 2226 haberet
1367 2187 1407 2225 in
1437 2188 1551 2226 domo

252 2337 261 2369 1
295 2335 418 2379 quare]
444 2346 506 2378 pro
533 2346 602 2379 quo
629 2336 708 2370 EK
753 2337 774 2369 5
800 2335 987 2379 Serapium
1010 2336 1081 2369 ΕΚ
1129 2346 1202 2379 asp.
1221 2335 1324 2370 facite
1350 2337 1391 2370 K
1437 2336 1455 2369 7
1483 2335 1552 2369 fur-

141 2392 264 2424 carent
295 2387 351 2422 K¹
426 2389 464 2422 11
495 2388 743 2432 glorificabant
768 2390 808 2423 K
877 2389 960 2422 facit
985 2390 1039 2422 K8
1111 2389 1154 2422 14
1179 2388 1266 2423 abiit
1292 2391 1363 2423 aut.
1381 2388 1454 2422 iuu.
1480 2390 1553 2422 ΕΚ

144 2443 186 2477 15
212 2446 332 2476 autem
358 2441 435 2476 EK
489 2443 531 2475 16
557 2444 679 2485 tempt.
699 2442 810 2476 iustos
836 2443 876 2475 K
930 2441 1079 2486 impium
1106 2443 1181 2476 ΕΚ
1236 2441 1344 2486 diem]
1371 2444 1410 2482 -t-
1438 2441 1552 2476 iuditii

140 2499 176 2530 et
200 2497 239 2529 K
310 2496 356 2529 20
393 2494 499 2529 fuerit
530 2496 606 2529 ΕΚ
674 2496 716 2529 21
756 2498 1010 2539 susceptorque
1035 2497 1110 2530 EK
1180 2496 1224 2529 22
1259 2506 1317 2529 ux.
1345 2495 1480 2529 habens
1514 2495 1555 2529 K

142 2549 187 2583 ⁰23
212 2548 294 2582 hab.
313 2547 412 2591 uero]
446 2547 638 2582 habentem
674 2550 749 2582 ΕΚ
810 2549 855 2582 24
881 2549 946 2591 uir]
978 2551 1017 2589 -ἱ-
1045 2548 1160 2583 uoluit
1184 2550 1225 2582 K
1286 2549 1330 2582 26
1366 2559 1448 2592 ergo
1481 2548 1553 2581 ΕΚ

142 2601 186 2635 27
201 2601 325 2636 nauim
339 2603 413 2635 ΕΚ
453 2602 498 2635 28
520 2605 640 2636 nostre
654 2603 729 2636 EK
774 2602 815 2635 31
834 2602 882 2645 ut]
899 2605 934 2636 et
946 2603 1025 2636 ΕΚ
1062 2601 1177 2636 uoluit
1192 2603 1245 2635 K²'
1288 2602 1333 2635 3⁶2
1350 2601 1485 2635 tolleret
1499 2599 1552 2635 E¹
