1834 2967
736 151 967 187 -5-

250 272 413 319 Quando
443 278 572 311 autem
592 273 731 323 placuit
751 273 1050 312 clementissimo
1069 273 1150 311 Deo
1170 275 1316 312 donare
1339 273 1553 314 christianis

142 343 273 380 regem
311 331 527 381 piissimum
567 338 681 381 atque
721 337 933 371 amatorem
971 331 1169 370 clementie
1206 331 1470 372 fidelissimum
1510 347 1554 373 ac

142 390 290 428 socium
331 391 606 440 apostolorum,
655 403 842 441 magnum
883 390 1182 429 Constantinum
1229 390 1327 438 dico,
1373 405 1420 430 ex
1463 398 1553 431 tunc

141 449 296 487 lumen*
335 449 498 488 liberum
541 450 688 500 pietatis
728 454 807 488 toto
849 449 996 487 mundo
1035 448 1185 488 effulsit.
1240 449 1328 488 Non
1367 450 1469 489 enim
1503 452 1550 490 ab

140 507 298 547 homine
327 514 393 547 aut
420 521 488 559 per
514 509 714 547 hominem
743 508 890 546 uocatio
920 507 999 546 eius
1028 508 1127 546 facta
1155 512 1224 555 est,
1253 509 1321 547 sed
1349 522 1371 547 a
1400 510 1489 548 celis
1517 516 1551 549 et

141 580 208 617 per
228 566 390 606 Christi*
409 567 684 606 reuelationem
713 567 936 617 suscipiens.
976 566 1076 605 Vidit
1105 566 1210 605 enim
1238 567 1278 605 in
1299 567 1379 606 celo
1399 568 1551 618 signum

141 631 273 665 sancte
288 626 422 665 Crucis
452 639 567 676 super
594 627 840 676 splendorem
869 626 958 664 solis
987 626 1203 676 fulgentem,
1233 639 1279 665 ea:
1306 626 1497 676 scriptura
1518 634 1551 666 et

141 684 257 723 stellis
299 685 465 736 figurata
506 685 683 724 mirifice:
725 685 767 723 In
805 685 892 730 hoc,
933 684 1068 734 inquit,
1112 684 1222 735 signo
1268 684 1412 724 uinces.
1469 686 1551 725 Hoc

139 744 303 793 denique
339 756 428 782 cum
456 744 621 794 legisset,
661 743 844 782 continuo
879 744 1011 783 lumen
1050 743 1225 782 deificum
1259 757 1465 783 accensum
1494 750 1551 784 est

138 803 176 840 in
197 803 309 841 corde
329 802 423 849 eius,
454 808 490 842 et
519 803 634 841 fidem
654 802 796 842 Christi
815 803 930 842 uelud
950 803 1098 853 galeam
1127 802 1262 841 salutis
1282 805 1360 845 est*
1378 803 1548 843 indutus.
1583 811 1629 848 10

136 861 235 900 Nam
270 874 317 900 ex
346 875 440 900 auro
469 867 505 901 et
533 861 695 913 gemmis
725 862 907 901 continuo
943 862 1097 912 signum
1124 862 1273 901 uiuifice
1303 862 1434 901 Crucis
1469 863 1551 901 fieri

137 921 303 971 precepit
344 923 540 972 ipsumque
579 921 618 959 in
662 921 762 959 bello
798 924 932 971 preire
974 921 1171 960 constituit
1213 927 1326 971 atque
1363 934 1430 972 per
1468 922 1549 960 eius

137 979 318 1018 uirtutem
362 993 498 1019 omnes
535 980 719 1019 barbaras
758 980 933 1019 nationes
972 980 1168 1019 debellans
1210 980 1548 1019 uictoriosissimus

136 1043 192 1077 est
213 1039 368 1078 effectus
389 1040 435 1078 de
456 1039 708 1090 omnibusque
726 1038 891 1078 inimicis
910 1039 1155 1090 triumphans
1173 1039 1549 1089 magnificentissime

135 1103 192 1137 est
221 1099 421 1138 exaltatus.
1578 1104 1625 1142 15

241 1157 308 1195 Dei
337 1163 465 1196 autem
494 1158 734 1208 prouidentia
763 1163 992 1208 cooperante
1013 1163 1049 1196 et
1077 1157 1228 1196 uiuifice
1249 1158 1380 1197 Crucis
1409 1158 1546 1197 uexillo

135 1216 321 1263 munitus,
356 1217 445 1256 exiit
482 1231 505 1256 a
542 1217 692 1256 seniore
727 1218 852 1256 Roma
887 1223 924 1256 et
956 1217 995 1256 in
1030 1218 1105 1256 hac
1146 1231 1168 1256 a
1196 1218 1275 1256 Deo
1318 1223 1548 1256 conseruata

134 1275 280 1314 iuniore
308 1276 435 1314 Roma
463 1282 520 1315 est
549 1281 818 1323 commutatus,
861 1289 935 1325 que
970 1275 1011 1314 in
1041 1277 1122 1315 eius
1156 1276 1315 1315 nomine
1352 1282 1410 1315 est
1446 1276 1546 1315 hedi-

135 1335 244 1373 ficata
272 1348 338 1385 per
367 1335 521 1373 Domini
558 1336 720 1386 gratiam
749 1336 905 1385 eiusque
934 1335 1164 1386 cognomine
1201 1341 1258 1374 est
1286 1341 1421 1374 uocata
1449 1336 1545 1374 Con-

134 1394 412 1445 stantinopolis,
441 1408 516 1444 que
544 1400 632 1433 ante
661 1395 839 1433 Bizantea
869 1396 1086 1434 uocabatur.
1575 1400 1626 1437 ΞΟ

239 1454 282 1492 In
310 1453 437 1492 medio
466 1459 595 1493 autem
623 1455 737 1493 huius
764 1453 967 1504 magnifice
995 1454 1101 1493 urbis
1127 1460 1291 1504 quatuor
1319 1455 1544 1505 columpnas

134 1512 276 1560 statuit,
310 1512 349 1551 in
379 1513 520 1564 quibus
549 1514 714 1552 culmine
743 1526 857 1564 super
885 1513 1058 1564 apposito
1096 1527 1143 1552 ex
1181 1513 1277 1553 ereis
1315 1513 1453 1552 tabulis
1483 1526 1546 1552 eas

132 1572 325 1621 cooperire
343 1572 464 1612 iussit.
506 1573 550 1611 In
571 1585 646 1623 quo
666 1572 811 1611 edificio
831 1572 964 1623 reponi
993 1573 1079 1612 fecit
1098 1572 1329 1611 intrinsecus
1351 1572 1366 1622 ΙΙ
1386 1573 1540 1623 signum
1551 1575 1688 1610 W157v

131 1631 282 1670 uiuifice
309 1645 354 1670 ac
382 1631 719 1671 uictoriosissime÷
748 1632 880 1670 Crucis
909 1637 1023 1682 atque
1052 1645 1099 1671 ex
1129 1632 1303 1671 orientali
1331 1634 1412 1670 eius
1441 1636 1546 1682 parte

133 1690 382 1729 dominatoris
421 1690 542 1730 nostri
571 1691 685 1729 Ihesu
714 1691 855 1730 Christi
883 1691 1103 1741 ymaginem
1136 1690 1360 1730 mirabiliter
1388 1691 1545 1741 pingere
1574 1689 1622 1726 25

133 1749 220 1787 fecit
239 1750 468 1801 decoreque*
478 1749 598 1789 nimio
619 1750 815 1789 decorauit
835 1750 1133 1800 sublimauitque
1146 1764 1229 1789 eam
1252 1752 1300 1789 ad
1318 1749 1545 1788 intuendam

133 1814 170 1846 et
198 1809 435 1847 adorandam
464 1809 512 1848 ab
542 1809 723 1848 omnibus
740 1809 927 1848 fidelibus.
966 1811 1083 1849 Hunc
1101 1815 1226 1848 autem
1245 1807 1544 1848 sacratissimum

132 1867 256 1906 locum
284 1867 431 1918 insigne
460 1873 497 1906 et
516 1868 868 1907 nominatissimum
897 1874 1039 1907 extunc
1058 1874 1096 1907 et
1115 1881 1237 1918 usque
1265 1867 1378 1906 hodie
1406 1868 1544 1906 factum

135 1931 203 1965 est.
259 1927 303 1965 In
333 1940 408 1976 quo
437 1927 626 1966 mirabilia
654 1933 691 1966 et
720 1928 902 1967 sanitates
931 1928 1093 1978 plurime
1130 1926 1400 1978 gloriosissime
1434 1927 1543 1973 fiunt,

133 1997 201 2035 pro
231 1985 369 2035 quibus
397 1989 573 2025 cotidie
600 1987 648 2025 ab
679 1987 859 2025 omnibus
888 1987 1156 2026 uenerabiliter
1183 1988 1409 2025 honoratur.
1571 1985 1622 2021 30

238 2045 381 2095 ltaque,
419 2046 652 2084 dilectissimi
690 2048 839 2092 fratres,
880 2059 1004 2085 unum
1047 2059 1093 2084 ex
1134 2045 1264 2084 multis
1306 2045 1542 2084 mirabilibus

133 2117 206 2153 que
234 2103 285 2142 ibi
313 2105 361 2143 ad
388 2105 542 2143 laudem
570 2105 637 2144 Dei
667 2111 704 2144 et
732 2105 878 2144 domini
906 2105 1027 2144 nostri
1065 2105 1179 2144 Ihesu
1208 2103 1347 2143 Christi
1378 2104 1474 2143 fiunt
1503 2105 1542 2142 in

133 2164 204 2201 hac
232 2163 400 2213 presenti
427 2169 560 2202 nostra
589 2163 809 2203 narratione
837 2163 1018 2214 ponimus
1049 2165 1097 2202 ad
1125 2165 1296 2202 leuamen
1324 2163 1542 2202 animarum

131 2227 168 2260 et
214 2222 262 2260 ad
303 2222 417 2260 fidem
458 2223 764 2261 confirmandam
807 2223 1059 2270 credentium,
1100 2228 1141 2262 ut
1183 2235 1230 2261 ex
1272 2227 1379 2273 parte
1418 2227 1541 2261 totum

131 2287 361 2332 cognoscant
390 2286 438 2329 et,
474 2286 514 2320 ut
543 2281 689 2329 dicitur,
726 2296 772 2321 ex
802 2282 951 2321 fimbria
988 2281 1113 2321 omnis
1142 2287 1293 2321 textura
1326 2281 1540 2321 indumenti
1569 2280 1618 2317 35

130 2341 383 2390 cognoscitur.

1606 518 1628 554 O(

240 2442 283 2475 10
307 2444 361 2475 est
387 2441 424 2474 :28
473 2442 512 2474 11
543 2441 657 2475 vivice
686 2442 725 2474 1⁸1
770 2442 811 2474 17
839 2444 872 2475 et
899 2442 936 2475 23
982 2442 1027 2476 22
1053 2442 1102 2485 in]
1129 2443 1294 2482 deletum;
1322 2441 1475 2476 culmine
1501 2441 1539 2474 ⁶21

131 2494 177 2528 28
201 2493 316 2528 factus
342 2495 400 2528 Ms
451 2494 495 2528 35
522 2497 643 2529 omnis
668 2494 706 2528 21
