1834 2967
837 109 1121 147 —112—

131 241 259 275 E180v
273 235 397 273 Deum
440 247 527 273 cum
568 233 736 272 lacrimis
779 233 964 271 dicentes:
1008 230 1164 278 Videtis,
1203 231 1350 277 fratres,
1394 231 1519 281 qualia
1539 230 1553 282 ΙΙ
1573 230 1687 269 nobis

273 294 476 332 conferunt
516 292 800 342 longanimitas,
845 291 1039 329 humilitas
1082 296 1118 329 et
1161 290 1366 340 patientia?
1435 289 1541 329 Sicut
1583 290 1686 328 enim

273 351 433 397 uidistis,
463 351 517 390 sic
546 357 582 390 et
610 364 680 390 uos
709 351 782 401 ipsi
811 356 963 396 certate,
1002 349 1238 388 sustinentes
1276 349 1540 400 despectiones
1573 355 1688 398 atque

277 410 556 461 temptationes,
608 410 792 459 quoniam
830 423 949 459 regna
984 409 1153 447 celorum
1194 407 1307 446 nobis
1350 413 1528 458 preparat
1568 408 1689 458 gratia

221 473 245 510 5
274 469 429 508 Domini
457 469 574 508 nostri
605 469 718 507 Ihesu
748 468 901 514 Christi,
941 469 1003 506 cui
1031 473 1087 505 est
1116 468 1242 505 honor
1277 472 1313 505 et
1342 467 1460 517 gloria
1494 480 1572 505 una
1600 479 1689 505 cum

276 530 387 568 Patre
416 533 625 578 sanctoque
656 527 800 578 Spiritu
828 527 869 565 in
899 526 1026 565 secula
1055 526 1285 564 seculorum.
1341 526 1479 564 Amen.

638 705 714 746 39.
753 704 827 746 De
862 703 1042 745 abbate
1078 702 1330 745 Marcello.

276 800 488 890 Narrauit
523 799 634 838 nobis
664 799 783 838 abbas
813 799 984 837 Thomas
1023 799 1068 836 de
1106 798 1244 836 abbate
1277 797 1469 846 Marcello,
1508 797 1690 847 quoniam

373 864 453 898 erat
483 859 682 908 quiescens
712 871 829 908 prope
858 871 1040 908 magnam
1062 857 1191 895 uillam
1220 857 1259 895 in
1288 857 1460 907 partibus
1489 856 1625 896 Libani
1653 857 1692 895 in

202 921 250 959 10
278 919 462 969 spelunca
490 918 655 967 quadam
686 917 792 955 iuxta
820 917 935 967 pedes
964 916 1119 954 montis.

383 977 473 1015 Erat
494 976 596 1015 enim
616 976 679 1014 hic
703 977 819 1014 abbas
834 976 1036 1013 Marcellus
1056 974 1172 1013 nimis
1192 979 1418 1013 mansuetus
1443 981 1476 1013 et
1496 976 1694 1013 modestus

151 1043 262 1077 Tsov
282 1041 395 1086 atque
424 1035 635 1085 religiosus,
658 1033 672 1085 Η
694 1039 822 1073 castus
851 1040 888 1072 et
917 1033 1089 1084 pudicus.
1132 1034 1341 1083 Propterea
1369 1047 1551 1083 magnam
1580 1035 1694 1073 fidem

278 1101 313 1134 et
343 1108 516 1133 amorem
543 1095 741 1133 habebant
780 1106 915 1132 omnes
944 1093 1017 1131 uiri
1046 1092 1264 1131 habitantes
1299 1092 1338 1130 in
1374 1094 1509 1131 eadem
1538 1093 1626 1132 uilla
1654 1092 1695 1132 in

279 1167 380 1201 eumy
410 1154 462 1192 ita
491 1159 532 1192 ut
561 1153 672 1192 multi
701 1158 898 1191 currerent
912 1153 959 1190 ad
989 1165 1077 1190 eum
1099 1158 1134 1190 et
1155 1153 1383 1190 docerentur
1411 1153 1458 1190 ab
1489 1165 1545 1191 eo.
1594 1152 1696 1191 Fecit

202 1216 249 1253 15
278 1219 406 1252 autem
427 1226 545 1251 senex
565 1213 604 1250 in
625 1213 759 1251 eodem
778 1212 861 1250 loco
882 1224 1006 1250 annos
1036 1224 1121 1258 sex3
1151 1211 1291 1249 multas
1320 1211 1588 1261 temptationes
1617 1213 1697 1250 illic

279 1272 460 1311 sustinuit
479 1285 591 1311 senex
611 1286 632 1310 a
657 1271 899 1317 demonibus,
929 1273 1025 1309 sicut
1052 1273 1131 1320 ipse
1157 1272 1270 1309 michi
1298 1273 1494 1318 narrauit,
1524 1270 1697 1309 uolentes

154 1339 367 1373 B105eum
397 1345 443 1370 ex
472 1331 655 1382 spelunca
690 1331 851 1369 educere
885 1335 921 1368 et
950 1329 1158 1380 impeedire
1196 1329 1458 1379 quietudinem
1496 1329 1591 1377 eius,
1630 1330 1697 1368 sed

280 1404 359 1429 non
388 1391 675 1441 preualuerunt.
719 1390 804 1440 Ipse
833 1389 936 1427 enim
957 1402 1093 1427 omnes
1114 1388 1383 1439 temptationes
1413 1401 1487 1439 que
1516 1402 1537 1427 a
1567 1390 1697 1428 demo-

278 1450 393 1488 nibus
423 1450 731 1488 immittebantur
761 1448 1015 1498 equanimiter
1044 1448 1201 1486 ferebat.

203 1511 256 1548 ΞΟ
391 1509 449 1547 Ad
470 1509 649 1547 ultimum
677 1521 770 1547 uero
791 1507 1077 1558 transfigurauit
1107 1520 1147 1545 se
1177 1508 1315 1545 demon
1337 1506 1377 1545 in
1407 1507 1698 1546 similitudinem

281 1568 383 1607 senis
414 1573 449 1607 et
479 1567 576 1618 cepit
605 1568 762 1606 illudere
782 1567 943 1605 feminas
973 1579 1046 1616 que
1065 1566 1293 1605 habitabant
1322 1566 1360 1604 in
1390 1567 1492 1613 uilla,
1527 1580 1642 1605 mane
1661 1572 1698 1605 et

281 1641 366 1666 sera
409 1640 575 1677 querens
618 1626 827 1666 conuenire
870 1639 958 1664 cum
1001 1625 1066 1664 eis.
1124 1625 1170 1663 Et
1209 1626 1371 1675 loquens
1413 1626 1532 1665 uerba
1573 1626 1699 1676 turpia

284 1687 469 1725 suadebat
497 1686 551 1725 eis
580 1686 731 1725 dicens:
771 1685 962 1734 Quoniam
998 1697 1076 1723 non
1116 1690 1173 1723 est
1210 1689 1420 1735 peccatum,
1459 1685 1523 1735 qui
1553 1685 1698 1724 occulte

283 1745 502 1784 fornicatur.
566 1745 648 1784 Hec
691 1750 819 1785 autem
862 1757 941 1782 non
978 1744 1096 1782 semel
1124 1749 1189 1782 aut
1228 1743 1299 1791 bis,
1343 1745 1410 1783 sed
1443 1743 1699 1795 multipliciter

203 1807 254 1845 Ξῖ)
284 1805 425 1843 faciens
451 1806 604 1852 demon,
633 1805 867 1854 ubicumque
895 1803 1049 1842 uidebat
1070 1803 1253 1842 feminam
1282 1804 1463 1854 preterire
1492 1804 1629 1851 solam,
1658 1809 1699 1842 ut

284 1870 362 1903 erat
393 1865 686 1915 transfiguratus
724 1864 764 1902 in
793 1862 1082 1902 similitudinem
1118 1863 1233 1910 senis,
1271 1862 1499 1913 loquebatur
1537 1864 1585 1902 ad
1622 1876 1698 1902 eas,

284 1924 461 1962 Mulieres
491 1937 582 1962 uero
612 1928 747 1962 euntes
775 1922 1052 1962 nuntiauerunt
1081 1922 1152 1960 hec
1181 1922 1343 1973 propriis
1372 1922 1476 1962 uiris.

144 1990 271 2024 ΚΙΒΒγ
392 1983 437 2021 Et
466 1983 706 2021 diffamatus
736 1988 792 2021 est
821 1994 948 2021 sermo
977 1980 1048 2019 iste
1077 1994 1143 2031 per
1163 1986 1281 2019 totam
1301 1981 1427 2020 illam*
1455 1981 1598 2021 uillam.
1655 1981 1701 2020 Et

287 2042 505 2093 congregati
535 2047 625 2081 sunt
655 2054 791 2081 omnes
812 2040 883 2080 uiri
912 2040 951 2079 in
981 2040 1138 2079 ecclesia
1158 2046 1194 2079 et
1223 2040 1500 2080 nuntiauerunt
1528 2041 1599 2079 hec
1619 2053 1700 2091 pre-

206 2103 258 2140 30
287 2101 408 2151 posito
444 2101 612 2140 ecclesie.
670 2101 715 2140 Et
744 2101 938 2139 aduocans
966 2099 1182 2150 prepositus
1213 2099 1403 2147 mulieres,
1441 2099 1701 2150 interrogabat

288 2173 364 2208 eas,
393 2161 488 2199 scire
527 2161 661 2199 uolens
691 2160 891 2199 ueritatem
922 2159 954 2198 si
991 2158 1045 2198 sic
1083 2164 1182 2197 esset
1217 2164 1258 2198 ut
1286 2160 1468 2199 audierat.
1524 2159 1700 2198 Mulieres

160 2201 415 2289 ET¹{}}autem
446 2226 555 2258 erant
593 2221 675 2270 plus
712 2232 826 2270 quam
848 2218 862 2269 ΙΙ
884 2218 1017 2268 uiginti
1047 2231 1120 2267 que
1149 2219 1449 2258 testificabantur
1478 2219 1664 2258 dicentes:
1685 2216 1700 2268 ΙΙ

395 2343 415 2376 3
442 2342 705 2386 despectionem
731 2343 770 2376 S¹
820 2343 840 2376 6
860 2342 942 2385 una]
960 2353 1054 2376 nunc
1073 2345 1107 2376 et
1124 2353 1265 2386 semper
1278 2346 1312 2376 et
1330 2353 1393 2387 per
1410 2341 1548 2376 infinita
1565 2341 1701 2376 seculo-

289 2407 369 2430 rum
396 2396 525 2430 secula.
576 2395 691 2429 Amen
710 2396 784 2430 ΕΚ
835 2396 853 2429 7
885 2395 1006 2438 Ιίιιὶ)ν.]
1034 2394 1104 2434 E²;
1132 2396 1241 2429 omK
1286 2396 1308 2430 8
1334 2394 1516 2439 quoniam]
1544 2395 1603 2439 qui
1630 2395 1706 2429 ΕΚ

290 2451 310 2482 9
336 2448 472 2492 uillam]
500 2460 555 2483 om
585 2449 616 2483 T
662 2449 795 2492 Lybani
814 2450 888 2483 ΕΚ
940 2450 978 2482 11
1002 2448 1118 2491 nimis]
1147 2448 1341 2483 admodum
1359 2449 1437 2483 EK
1489 2449 1529 2482 14
1555 2449 1703 2483 instrue-

291 2506 413 2536 rentur
429 2503 503 2535 ΕΚ
553 2503 593 2536 16
619 2502 824 2536 uolentibus
842 2503 921 2536 ΕΚ
970 2502 1010 2535 18
1036 2502 1181 2545 preual.]
1208 2501 1410 2536 ualentibus
1429 2502 1504 2536 ΕΚ
1552 2502 1592 2535 19
1619 2512 1639 2535 a
1657 2502 1702 2536 T*

290 2566 381 2598 equo
408 2555 553 2589 nimiter
578 2555 630 2590 Ει
696 2556 738 2588 22)
766 2566 844 2589 sero
873 2554 993 2590 SJBT
1050 2555 1094 2588 23
1120 2555 1236 2589 oculte
1263 2556 1303 2589 Κ
1357 2556 1401 2589 27
1429 2555 1591 2599 propriis]
1617 2554 1702 2589 uiris

291 2609 364 2642 suis
390 2609 464 2643 ΕΚ
511 2609 556 2643 218
582 2608 639 2642 ille
664 2608 741 2643 ΕΚ
789 2609 832 2643 32
859 2608 997 2651 uiginti]
1028 2610 1066 2648 -1-
1096 2612 1196 2642 erant
1224 2609 1327 2642 EmK
