1834 2967
851 173 1108 210 —28-.

281 294 481 344 epistolam
502 308 616 345 super
645 308 783 334 aurum
799 295 963 346 positam
993 301 1030 334 et
1058 295 1273 346 sigillatam,
1303 296 1512 334 habentem
1534 296 1697 346 desuper

281 359 358 391 tres
387 366 531 392 cruces.
573 355 619 392 Et
647 360 898 393 numerantes
927 367 1067 393 aurum
1087 354 1321 393 inuenerunt
1349 366 1560 392 numerum
1587 367 1698 392 num-

280 412 504 451 mismatum
524 413 595 452 tria
614 413 718 452 milia
738 413 1028 463 quinquaginta.
1076 413 1123 451 Et
1141 413 1193 452 ait
1207 413 1417 451 Abramius
1437 414 1492 451 ad
1513 413 1583 451 dis
1591 426 1699 464 pen-

151 477 256 511 K119
283 476 503 510 satorem
531 485 690 511 suum:
729 473 779 511 Vt
806 472 959 511 michi
989 472 1153 519 uidetur,
1181 472 1256 511 hoc
1285 484 1424 510 aurum
1455 470 1470 522 ΙΙ
1499 471 1701 511 cuiuslibet

228 532 251 568 5
281 530 479 569 christiani
499 536 567 570 est.
607 531 726 570 Video
747 531 850 569 enim
870 537 965 570 tres
986 544 1118 570 cruces
1139 544 1253 581 super
1269 530 1469 581 epistolam
1486 531 1700 569 secundum

281 589 393 627 fidem
408 589 573 629 illorum.
614 590 846 640 Aperiamus
868 603 956 640 ergo
972 595 1009 628 et
1024 590 1224 629 uideamus
1251 590 1341 640 quid
1371 590 1410 628 in
1437 602 1482 628 ea
1516 589 1701 640 scriptum

281 648 330 687 sit
357 654 394 687 et
422 648 529 687 cuius
550 649 598 687 sit
625 650 700 688 hoc
719 663 869 689 aurum.
910 649 1098 699 Aperiens
1120 655 1248 688 autem
1268 648 1478 687 Abramius
1498 648 1700 699 epistolam

281 713 318 746 et
341 708 485 757 legens,
515 708 698 747 continuo
724 708 857 747 cecidit
885 722 1000 758 super
1029 721 1118 747 eum
1147 708 1262 747 timor
1292 713 1328 746 et
1348 708 1541 746 hebetudo
1560 707 1701 746 mentis

281 772 318 805 et
346 767 443 817 cepit
471 773 636 806 tremere
664 773 701 806 et
728 767 912 817 palpitare
933 768 1042 817 quasi
1070 781 1138 818 per
1166 768 1303 805 horam
1332 781 1464 806 unam.
1505 767 1701 805 Reuersus

204 826 253 863 10
281 831 409 864 autem
438 826 478 864 in
499 826 668 876 seipsum
688 825 846 876 proiecit
875 839 915 864 se
936 826 975 864 in
996 826 1161 865 faciem
1182 839 1324 875 super
1344 831 1498 873 terram,
1529 826 1701 864 clamans

282 890 319 923 et
339 885 488 923 dicens:
518 885 628 923 Vnus
648 886 752 923 Deus
772 898 888 923 uerus
918 891 954 924 et
983 898 1162 935 magnus,
1193 886 1256 934 qui
1277 890 1335 924 est
1354 885 1457 924 Deus
1478 884 1702 924 christiano-

281 957 380 991 rum,
411 943 474 993 qui
504 943 592 982 facit
620 944 810 983 mirabilia
839 944 956 983 solus.

386 1004 434 1042 Et
461 1003 712 1053 interrogauit
740 1017 829 1042 eum
850 1003 1093 1053 dispensator
1123 1017 1217 1042 suus
1238 1004 1339 1053 quod
1360 1009 1460 1042 esset
1487 1003 1562 1041 hoc
1590 1003 1703 1041 mira-

281 1063 421 1101 culum.
478 1064 549 1100 Ille
579 1065 792 1112 respondit:
830 1063 915 1101 Hoc
943 1075 1082 1101 aurum
1111 1062 1345 1101 christianus
1384 1062 1446 1100 ille
1475 1062 1703 1101 Theodorus

206 1121 254 1158 15
282 1122 387 1160 misit
415 1123 463 1160 ad
491 1135 565 1161 me.
623 1122 670 1160 Et
697 1121 786 1172 legit
815 1121 1017 1172 epistolam
1047 1135 1179 1161 coram
1209 1122 1391 1160 omnibus
1421 1121 1486 1171 qui
1519 1121 1559 1160 in
1588 1122 1703 1160 domo

283 1195 354 1220 sua
383 1186 504 1228 erant,
534 1186 571 1220 et
599 1181 792 1220 intiniauit
820 1180 893 1219 illis
923 1181 1065 1220 omnia.
1123 1181 1254 1228 Quod
1288 1180 1538 1219 audientes
1567 1192 1704 1218 omnes

284 1240 595 1291 glorificauerunt
631 1240 767 1279 Deum.
826 1241 937 1278 Tunc
974 1240 1185 1279 Abramius
1224 1240 1326 1278 dedit
1363 1239 1596 1278 cubiculario
1634 1252 1704 1278 suo

142 1303 168 1336 E
181 1303 268 1336 137ν
283 1300 453 1338 loculum
474 1313 562 1338 cum
583 1312 677 1338 auro
698 1305 734 1338 et
763 1299 963 1350 epistolam
983 1312 1137 1338 necnon
1158 1305 1195 1338 et
1220 1299 1340 1349 sigilla
1362 1312 1435 1349 que
1462 1299 1651 1338 habuerat
1671 1297 1687 1348 ΙΙ

285 1364 330 1397 et
368 1359 534 1409 precepit
574 1359 607 1397 ei
647 1364 689 1397 ut
730 1359 928 1409 diligenter
971 1363 1144 1398 seruaret
1181 1371 1226 1397 ea
1263 1371 1386 1408 usque
1415 1359 1463 1396 ad
1492 1359 1704 1396 aduentum

204 1417 255 1454 QG
284 1417 490 1458 Theodori.
534 1419 624 1456 Erat
644 1417 747 1456 enim
776 1418 859 1468 ipse
878 1417 1088 1456 Abramius
1109 1417 1306 1456 admirans
1327 1430 1442 1468 super
1468 1416 1705 1455 admirabile

284 1477 426 1516 factum
447 1482 484 1515 et
512 1477 687 1516 estuabat
711 1476 853 1523 animo,
883 1477 1061 1515 nesciens
1084 1476 1173 1526 quid
1203 1478 1353 1524 faceret,
1384 1482 1515 1515 utrum
1545 1488 1703 1514 conuer-

283 1541 427 1574 teretur
456 1537 504 1574 ad
524 1549 658 1575 ueram
679 1536 794 1574 fidem
814 1536 1112 1574 christianorum
1142 1549 1198 1574 an
1227 1549 1338 1583 non;
1368 1536 1434 1574 sed
1463 1540 1619 1573 tamen
1641 1547 1705 1573 ex-

286 1595 483 1645 spectabat
510 1596 722 1634 aduentum
751 1595 955 1634 Theodori.

390 1654 639 1693 pretereunte
685 1660 813 1693 autem
855 1654 1023 1704 hyemali
1061 1659 1245 1704 tempore⁷
1295 1653 1443 1692 uernali
1489 1665 1582 1691 uero
1623 1665 1705 1691 suc-

206 1713 256 1750 25
286 1715 456 1760 cedente,
486 1713 664 1752 onerauit
690 1727 830 1752 nauem
853 1714 1082 1752 Theodorus
1103 1726 1191 1752 cum
1220 1713 1299 1751 suis
1321 1713 1479 1763 plumbo
1499 1718 1536 1751 et
1555 1717 1705 1762 stagno.

284 1773 330 1811 Et
359 1772 587 1823 nauigantes
608 1786 791 1823 prospero
821 1778 937 1811 uento
969 1778 1014 1811 et
1043 1774 1285 1823 gubernante
1306 1771 1389 1811 illos
1419 1770 1551 1810 diuina
1579 1770 1705 1822 proui—

285 1832 413 1871 dentia
427 1833 526 1871 infra
539 1833 657 1871 breue
676 1838 828 1882 tempus
849 1832 1094 1871 intrauerunt
1113 1831 1502 1882 Constantinopolim.
1543 1831 1705 1880 Cognito

284 1897 413 1930 autern
443 1892 652 1930 Abramius
680 1893 849 1930 aduentu
880 1892 1072 1930 Theodori
1101 1905 1216 1930 cursu
1246 1891 1395 1930 concito
1433 1890 1630 1929 descendit
1658 1890 1706 1928 ad

159 1954 181 1987 S
199 1955 265 1987 62γ
287 1964 403 1989 mare.
461 1951 588 1989 Exiuit
616 1956 744 1990 autem
775 1956 811 1990 et
837 1951 1064 1990 Theodorus
1095 1950 1250 1989 obuiam
1291 1950 1324 1989 ei
1361 1956 1398 1989 et
1426 1950 1600 1988 uidentes
1630 1962 1671 1988 se
1690 1948 1706 1998 ΙΙ

205 2009 257 2045 30
285 2009 449 2048 invicem
479 2011 744 2049 salutauerunt
780 2023 821 2049 se
850 2009 1061 2049 honorifice
1090 2023 1178 2049 cum
1208 2009 1345 2060 gaudio
1375 2022 1516 2059 niagno
1545 2008 1703 2047 ualde.

286 2069 332 2107 Et
374 2070 551 2108 sedentes
598 2069 771 2108 insimul
815 2071 951 2116 ambo,
1008 2069 1202 2108 enarrauit
1251 2070 1478 2108 Theodorus
1520 2068 1706 2107 Abramio

287 2127 417 2166 omnia
447 2142 519 2177 que
539 2128 589 2166 illi
611 2129 840 2175 acciderant⁷
871 2142 1023 2168 necnon
1054 2134 1090 2167 et
1120 2131 1314 2179 negotium
1351 2129 1453 2179 quod
1490 2128 1629 2166 fecerat
1666 2127 1705 2166 in

286 2192 422 2237 stagno
451 2193 487 2226 et
515 2189 673 2237 plumbo
703 2194 740 2227 et
768 2188 929 2238 qualiter
948 2188 1186 2227 hiemauerat
1215 2188 1254 2226 in
1285 2189 1411 2227 insula
1440 2186 1521 2226 illa
1549 2192 1586 2226 et
1614 2200 1706 2237 quo-

286 2246 401 2284 modo
431 2245 505 2284 illi
538 2248 803 2287 transmiserat
832 2247 1000 2286 loculum
1031 2261 1119 2286 cuni
1139 2261 1234 2286 auro
1264 2247 1532 2286 uidelicet*
1562 2247 1705 2297 quin·

206 2305 257 2342 35
287 2305 531 2355 quaginta
567 2306 739 2346 libras.

144 2368 270 2402 K119v
395 2365 603 2404 Abramius
625 2365 638 2416 ΙΙ
659 2372 787 2406 autem
818 2368 952 2406 uolens
988 2368 1151 2417 probare
1180 2368 1441 2415 Theodorum,
1483 2367 1629 2406 nescire
1664 2380 1705 2406 se

394 2514 414 2546 :3
442 2516 512 2546 tres
539 2514 592 2546 Κ·ρ
648 2515 668 2545 3
694 2513 931 2557 dispensatori
958 2525 1023 2549 suo
1049 2516 1125 2549 ΕΚ
1178 2516 1199 2547 8
1224 2515 1397 2549 hebitudo
1423 2515 1498 2548 ΕΚ
1545 2515 1565 2546 9
1591 2524 1704 2548 unam

287 2566 413 2599 horam
441 2567 482 2600 K
544 2566 585 2599 14
611 2567 689 2609 hoc]
720 2570 758 2607 -l-
788 2567 904 2611 inquit
928 2569 1005 2603 ΕΚ
1068 2569 1109 2602 16
1136 2568 1244 2611 quod]
1271 2568 1330 2610 qui
1359 2569 1435 2602 ΕΚ
1492 2568 1536 2601 22
1568 2568 1702 2610 tamen]

287 2622 427 2653 tantum
463 2620 537 2653 ΕΚ
596 2620 642 2653 24
672 2620 817 2654 hiemali
853 2622 889 2654 Ε
947 2622 992 2655 96
1031 2621 1122 2664 illos}
1158 2633 1210 2655 om
1250 2622 1285 2654 J<
1347 2623 1391 2655 2¹5
1430 2631 1605 2655 concursu
1633 2621 1708 2654 ΕΚ

288 2673 326 2707 31
358 2673 463 2706 simul
491 2673 525 2706 in
554 2684 665 2707 unum
695 2675 766 2707 ΕΚ
