1834 2967
884 111 1142 148 ,Ἦ-

414 235 474 272 10.
505 233 560 272 De
579 246 623 272 eo
637 234 737 283 quod
753 233 899 271 bonum
920 238 976 272 est
996 245 1138 283 ponere
1157 232 1196 270 in
1213 232 1292 271 Deo
1312 246 1420 283 spem
1440 246 1550 271 suam
1585 247 1643 284 pg.
1666 235 1716 272 54

416 299 475 337 11.
506 298 637 336 Simile
665 297 883 348 supradicto
921 328 1529 337 ..........
1584 312 1645 348 pg.
1667 301 1717 337 55

417 364 475 401 12.
514 363 570 401 De
597 375 642 401 eo
679 363 780 412 quod
809 363 909 401 mala
944 375 1152 412 prauorum
1188 361 1401 412 impediunt
1439 362 1559 401 uitam
1601 364 1717 401 bono-

306 435 393 460 rum
456 451 1529 461 .................
1586 435 1646 472 pg.
1668 423 1717 460 56

417 493 476 531 13.
505 491 686 530 Narraeio
706 492 751 529 de
771 491 830 529 his
852 491 915 540 qui
935 490 1081 529 uiolant
1101 491 1302 541 sepulchra
1320 496 1562 530 mortuorum
1591 506 1651 542 pg.
1668 493 1717 531 58

415 564 474 601 14.
507 562 619 601 Aliud
648 562 889 608 miraculum,
919 561 1040 600 simile
1070 561 1254 612 superiori
1325 593 1332 600 .
1391 593 1399 601 .
1457 593 1465 600 .
1524 594 1531 601 .
1588 577 1649 613 pg.
1666 564 1719 602 60

415 635 474 674 15.
506 634 560 672 De
610 634 775 682 quodam
819 646 970 682 pagano
1021 637 1056 670 et
1097 632 1178 670 eius
1214 645 1346 680 uxore⁷
1387 645 1461 682 que
1502 638 1583 671 erat
1624 634 1720 672 chri·

306 693 430 731 stiana
460 721 1530 731 .................
1587 706 1647 742 pg.
1669 694 1719 731 63

415 759 474 796 16.
508 757 559 795 De
577 758 742 806 quodam
759 757 999 807 phylosopho
1015 769 1163 806 pagano
1185 769 1299 806 quem
1321 755 1522 808 episcopus
1537 757 1720 796 Senesius

307 816 494 855 conuertit
526 844 1527 855 ................
1584 830 1644 866 pg.
1667 818 1717 855 66

415 883 474 920 17.
506 882 560 919 De
600 881 766 930 quodam
795 880 910 919 diuite
939 880 1003 930 qui
1031 880 1071 918 in
1100 880 1173 919 hoc
1201 880 1321 919 doluit
1351 882 1452 930 quod
1489 881 1720 931 pauperibus

305 941 475 991 erogauit
540 971 1611 979 .................
1668 942 1719 979 68

415 1006 473 1044 18.
505 1005 560 1043 De
588 1006 752 1054 quadam
773 1005 908 1055 puella,
939 1017 1013 1054 que
1032 1017 1189 1043 omnem
1209 1005 1470 1044 substanciam
1491 1019 1600 1044 suam
1621 1006 1722 1044 dedit

305 1064 456 1103 cuidam
479 1064 541 1113 qui
563 1077 603 1102 se
623 1064 749 1114 ipsum
765 1064 884 1102 uoluit
905 1064 1090 1102 suffocare
1110 1069 1264 1114 propter
1283 1064 1404 1102 multa
1424 1065 1551 1103 debita
1593 1079 1652 1115 pg.
1668 1066 1720 1104 69

414 1130 472 1168 19.
503 1130 558 1167 De
578 1129 743 1168 solitario
763 1129 823 1168 eui
844 1129 1018 1179 apparuit
1034 1128 1222 1167 Dominus
1242 1129 1279 1167 in
1302 1134 1409 1168 ueste
1430 1143 1544 1180 quam
1561 1130 1718 1180 pauperi

305 1189 459 1227 dederat
524 1219 1530 1228 ................
1586 1203 1647 1240 pg.
1664 1190 1713 1228 72

408 1255 470 1293 20.
506 1254 562 1292 De
600 1255 765 1303 quodem
802 1254 1030 1304 philosopho
1069 1253 1133 1303 qui
1171 1254 1275 1292 omni
1316 1254 1440 1293 studio
1475 1254 1721 1305 hospitalitati

303 1313 494 1351 seruiebat
525 1343 1528 1353 ................
1586 1327 1646 1364 pg.
1671 1315 1719 1352 73

407 1379 469 1416 21.
503 1377 558 1416 De
596 1377 779 1416 sacrificio
809 1391 1016 1427 puerorum
1046 1378 1110 1427 qui
1138 1378 1346 1428 pascebant
1374 1384 1527 1428 pectora
1582 1393 1642 1429 pg.
1665 1380 1714 1417 75

409 1444 471 1482 22.
502 1443 557 1481 De
573 1444 740 1493 quodam
756 1443 996 1493 negociatore
1010 1443 1178 1482 heretico
1193 1449 1325 1493 postea
1339 1457 1527 1482 conuerso
1584 1458 1643 1495 pg.
1667 1445 1714 1483 77

411 1509 473 1546 23.
504 1507 607 1547 Visio
636 1508 835 1547 cuiusdam
864 1508 1032 1547 hominis
1062 1508 1129 1547 Dei
1188 1540 1529 1548 ......
1587 1523 1646 1559 pg.
1670 1510 1719 1548 78

409 1574 471 1611 24.
502 1573 557 1612 De
586 1579 719 1612 sancto
747 1574 876 1612 Leone
904 1587 1002 1624 papa
1053 1604 1528 1613 ........
1585 1588 1646 1624 pg.
1669 1576 1718 1613 79

409 1639 471 1677 25.
503 1638 634 1677 Simile
662 1639 879 1689 supradicto
924 1669 1528 1678 ..........
1586 1653 1646 1689 pg.
1667 1641 1719 1678 80

408 1705 472 1742 26.
502 1703 574 1742 Ubi
602 1704 776 1754 apparuit
813 1704 965 1743 cuidam
1000 1710 1157 1743 sanctus
1197 1719 1293 1755 papa
1322 1705 1530 1754 Gregorius
1586 1718 1645 1754 pg.
1668 1706 1720 1743 80

409 1769 472 1808 27.
501 1768 556 1807 De
572 1774 704 1808 saneto
719 1769 875 1808 Daniele
889 1770 1027 1808 abbate
1043 1775 1079 1808 et
1097 1771 1205 1808 beato
1221 1770 1378 1820 Eulogio
1393 1770 1535 1808 latonio
1591 1783 1652 1820 pg.
1669 1771 1715 1808 81

409 1835 471 1872 28.
502 1834 557 1872 De
609 1835 786 1873 eunucho
849 1835 912 1884 qui
966 1835 1098 1885 uiginti
1157 1841 1241 1874 octo
1303 1848 1427 1873 annos
1479 1835 1621 1874 mansit
1681 1835 1719 1873 in

306 1892 425 1930 Scithi
455 1924 1527 1934 .................
1584 1907 1644 1944 pg.
1666 1894 1716 1932 88

408 1958 471 1997 29.
502 1958 557 1997 De
599 1958 729 1997 anima
771 1959 978 2010 peccatoris
1022 1972 1096 2008 que
1135 1959 1294 1998 remissa
1337 1965 1394 1997 est
1431 1960 1478 1997 ad
1517 1971 1655 2010 corpus
1684 1965 1720 1998 et

304 2017 473 2055 narrauit
503 2030 576 2067 que
605 2018 750 2057 uiderat
787 2048 1527 2058 ............
1586 2032 1646 2069 pg.
1669 2019 1714 2057 91

408 2083 471 2120 30.
502 2082 556 2121 De
585 2084 751 2132 quodam
771 2083 941 2134 principe
969 2084 1162 2122 latronum
1187 2084 1252 2133 qui
1282 2096 1492 2122 conuersus
1522 2084 1642 2122 factus
1663 2089 1719 2122 est

301 2141 516 2179 monachus
546 2143 733 2192 perfectus
762 2143 814 2181 ita
842 2148 883 2181 ut
911 2143 1020 2193 signa
1049 2148 1271 2193 operaretur
1319 2174 1327 2182 .
1386 2174 1393 2181 .
1453 2174 1460 2181 .
1519 2174 1526 2181 .
1587 2156 1647 2193 pg.
1669 2143 1719 2181 94

407 2207 470 2245 31.
501 2207 555 2245 De
576 2208 742 2256 quodam
764 2208 1024 2247 eonmercario
1046 2221 1159 2257 quem
1185 2209 1232 2246 de
1253 2213 1376 2247 morte
1398 2209 1561 2258 quedam
1581 2207 1717 2246 mulier

301 2264 474 2303 liberauit
478 2297 1524 2307 .................
1582 2281 1643 2318 pg.
1666 2268 1716 2305 96

416 2438 457 2471 13
484 2436 675 2483 narracio]
700 2449 752 2473 om
782 2440 850 2472 BT
895 2440 935 2472 14
960 2441 1018 2475 De
1044 2441 1195 2485 quodam
1221 2442 1282 2485 qui
1309 2442 1423 2477 noluit
1448 2441 1584 2476 uiolare
1609 2441 1721 2484 sepul-

305 2491 428 2525 chrum
453 2492 612 2535 uiryinis
638 2492 709 2525 BT
768 2492 809 2525 18
830 2497 980 2537 propter
1007 2513 1047 2517 -—
1076 2492 1215 2539 debita]
1240 2506 1294 2529 om
1320 2495 1391 2528 BT
1446 2495 1485 2527 19
1513 2509 1554 2523 =
1584 2494 1654 2527 BT
1675 2497 1720 2527 20

307 2544 352 2577 20
380 2558 420 2571 Ξ
448 2545 517 2578 BT
539 2547 599 2584 193
637 2545 699 2589 qui
726 2564 767 2568 —-
795 2545 993 2590 seruiebat]
1024 2557 1077 2581 om
1116 2548 1185 2581 BT
1241 2549 1285 2581 26
1321 2562 1360 2575 2:
1393 2548 1507 2583 allein
1533 2548 1560 2580 S
1618 2547 1662 2580 29
1689 2551 1722 2582 et

303 2607 404 2631 narr.
434 2618 474 2621 —
502 2597 665 2640 uiderat]
692 2609 745 2633 om
773 2599 843 2631 ΒΤ
889 2600 933 2631 30
958 2600 1011 2634 ita
1039 2620 1081 2624 —
1107 2600 1226 2645 oper]
1251 2612 1303 2636 om
1332 2601 1401 2634 BT
