1834 2967
826 116 1114 153 —116—

264 244 476 290 posuerunt
504 238 586 277 seni
616 252 780 288 paruum
807 238 981 276 catinum
1008 251 1098 276 cum
1120 237 1313 288 legumine
1340 237 1469 277 infuso
1492 245 1528 277 et
1547 238 1675 277 crudis

263 297 459 337 holeribus
490 303 526 336 et
555 296 700 336 dactilis
729 303 766 336 et
793 311 905 347 aqua.
961 296 1158 347 Discipulo
1185 310 1279 335 uero
1305 296 1386 336 eius
1415 303 1677 349 apposuerunt

262 356 458 396 lenticulas
499 356 595 395 lixas
637 363 673 395 et
701 357 902 407 paululum
942 355 1053 406 panis
1096 363 1132 395 et
1176 356 1316 395 uinum
1357 370 1458 406 aqua
1497 356 1674 398 mixtum.

263 415 460 455 sororibus
494 420 622 454 autem
650 422 883 466 aposuerzmt
911 414 1212 454 ministrationes
1254 415 1440 463 diuersas,
1475 415 1598 466 pisces
1640 422 1675 455 et

211 479 234 515 5
263 475 401 514 uinum
430 476 477 513 ad
506 473 729 513 satietatem.
787 475 833 513 Et
861 476 1196 513 manducauerunt
1226 473 1338 512 satis*
1366 475 1465 513 bene
1494 479 1530 513 et
1558 474 1675 514 nichil

262 535 412 573 locutus
443 539 499 572 est
528 532 676 583 aliquis.
733 534 832 572 Cum
861 547 955 572 uero
984 532 1254 581 surrexissent,
1291 531 1383 571 dixit
1413 546 1531 572 senex
1560 534 1676 572 abba-

263 592 370 632 tisse:
403 592 502 641 Quid
533 599 590 631 est
617 593 691 631 hoc
720 594 821 642 quod
850 591 982 640 fecistiy
1014 592 1199 642 quoniam
1227 605 1299 630 nos
1335 591 1539 630 debuimus
1573 606 1675 631 com-

264 653 439 691 medere*
469 653 570 690 bona
604 651 758 698 cibaria,
797 651 1060 690 manducastis
1095 657 1225 690 autem
1259 664 1343 690 uos.
1401 651 1614 701 Respondit
1642 651 1676 689 ei

264 711 475 750 abbatissa:
513 711 573 748 Tu
602 712 817 749 monachus
854 724 906 757 es,
947 716 982 748 et
1010 709 1142 749 cibum
1175 710 1358 749 monachi
1394 710 1557 761 apposui
1590 710 1675 756 tibi;

186 773 235 810 10
264 770 473 821 discipulus
508 775 638 808 autem
673 775 762 808 tuus
792 769 1000 819 discipulus
1034 769 1216 808 monachi
1251 775 1320 817 est⁷
1358 775 1394 808 et
1429 769 1591 820 apposui
1623 769 1677 808 illi

263 830 393 869 cibum
422 828 607 879 discipuli.
645 829 724 867 Nos
750 842 844 867 uero
867 828 1010 867 nouitie
1039 842 1186 875 sumus,
1217 834 1254 867 et
1281 828 1411 867 cibum
1441 827 1677 867 nouitiorum

262 888 552 928 commedimus.
609 887 673 925 Ait
708 887 762 925 illi
800 901 936 927 senex:
980 888 1128 926 Memor
1167 887 1214 926 sit
1248 887 1398 926 caritas.
1455 888 1552 926 Vere
1588 887 1677 937 quia

261 947 404 987 iuuasti
433 961 516 986 nos.

371 1007 471 1045 Cum
499 1011 630 1045 autem
658 1004 871 1055 cepissent*
899 1004 1108 1054 quiescere,
1137 1004 1225 1044 dicit
1253 1006 1373 1044 abbas
1403 1004 1537 1044 Daniel
1566 1004 1673 1044 disci-

187 1068 233 1106 15
264 1067 354 1117 pulo
383 1079 472 1104 suo:
504 1066 608 1104 Vade
637 1070 673 1103 et
701 1064 790 1103 uide
818 1064 886 1102 ubi
914 1063 1077 1103 dormiat
1106 1063 1285 1103 hebriosa
1312 1064 1375 1103 illa
1405 1078 1478 1114 que
1511 1063 1607 1103 iacet
1634 1064 1674 1103 in

263 1125 390 1164 medio
418 1126 515 1164 aule.
559 1123 662 1163 Abiit
691 1137 784 1163 uero
806 1129 842 1162 et
870 1123 965 1162 uidit
994 1130 1030 1162 et
1057 1122 1165 1162 uenit
1185 1129 1221 1162 et
1242 1123 1434 1162 nuntiauit
1463 1123 1496 1162 ei
1525 1123 1672 1163 dicens:

264 1186 374 1223 quta
394 1183 540 1223 exitum
568 1182 886 1222 necessariorum.
931 1183 977 1221 Et
996 1182 1047 1221 ait
1076 1196 1194 1222 senex
1220 1182 1405 1233 discipulo
1435 1196 1523 1222 suo:
1554 1182 1674 1233 Vigila

121 1250 249 1284 Κ16Ξ)ν
263 1258 417 1283 mecum
445 1249 557 1282 nocte
584 1245 669 1282 hac.
692 1242 706 1294 ΙΙ
727 1243 772 1281 Et
791 1256 882 1281 cum
911 1241 1168 1281 surrexissent
1188 1255 1323 1281 omnes
1345 1255 1509 1290 sorores,
1538 1243 1675 1281 tollens

263 1303 492 1354 discipulum
511 1316 629 1341 suum
648 1309 681 1340 et
702 1303 983 1340 descenderunt
999 1301 1154 1340 silenter
1173 1307 1276 1340 retro
1289 1302 1418 1340 locum
1438 1306 1474 1340 et
1493 1300 1675 1340 uiderunt

183 1363 233 1401 20
263 1362 351 1412 quia
379 1361 565 1401 surrexit*
585 1360 735 1400 ebriosa
762 1360 827 1400 illa
847 1366 883 1399 et
912 1360 1080 1400 extendit
1108 1374 1250 1399 manus
1271 1374 1361 1399 suas
1390 1361 1437 1399 ad
1465 1360 1608 1408 celum3
1638 1367 1675 1399 et

262 1421 416 1461 lacrime
457 1421 537 1459 eius
579 1421 864 1459 descendebant
904 1426 946 1459 ut
980 1420 1141 1458 flumina
1177 1426 1212 1458 et
1247 1419 1345 1458 labia
1388 1419 1469 1459 eius
1508 1425 1674 1458 tantum-

144 1486 247 1520 E183
262 1482 377 1520 modo
405 1479 419 1531 ΙΙ
448 1481 719 1519 mouebantur.
776 1480 888 1527 Quod
918 1478 1022 1518 enim
1051 1479 1210 1526 dicebat⁷
1250 1493 1330 1518 non
1359 1478 1603 1526 audiebatur;
1639 1486 1674 1518 et

152 1536 158 1541 ff
262 1554 366 1590 genu
386 1542 484 1579 tlexo
514 1539 706 1578 orationes
727 1537 925 1590 sepissime
953 1538 1125 1577 mittebat
1153 1552 1244 1577 cum
1272 1551 1383 1588 prece
1412 1540 1459 1577 ad
1487 1539 1612 1578 Deum
1639 1544 1675 1577 et

260 1601 402 1638 cadens
443 1598 484 1637 in
533 1604 634 1637 terra
675 1598 859 1636 adorabat
907 1597 996 1635 Dei*
1033 1596 1283 1636 maiestatem.
1341 1598 1506 1645 Quando
1544 1602 1673 1636 autem

182 1660 231 1697 25
261 1658 448 1698 sentiebat
484 1657 572 1708 quia
606 1671 652 1696 ex
688 1656 885 1695 sororibus
919 1656 1045 1707 aliqua
1081 1658 1327 1695 descenderet
1363 1657 1410 1694 ad
1446 1655 1672 1701 necessaria,

260 1718 424 1757 iactabat
467 1731 508 1756 se
549 1717 588 1755 in
625 1723 767 1755 terram
800 1721 836 1755 et
876 1716 1100 1754 extertebat.
1159 1715 1221 1754 Sic
1261 1718 1359 1754 enim
1402 1714 1561 1754 faciebat
1606 1728 1673 1765 per

262 1791 398 1816 omnes
428 1776 507 1816 dies
537 1790 640 1815 suos.

367 1835 469 1875 Dixit
503 1849 596 1875 uero
632 1849 750 1874 senex
785 1833 970 1885 discipulo
1006 1847 1094 1873 suo:
1139 1834 1240 1873 Voca
1268 1833 1384 1872 michi
1419 1833 1674 1872 abbatissam*

167 1902 245 1935 592
260 1896 426 1935 silenter.
461 1895 475 1946 ΙΙ
509 1896 554 1934 Et
598 1894 760 1934 habiens
800 1893 954 1933 uocauit
989 1907 1075 1933 eam
1102 1907 1192 1932 cum
1226 1892 1368 1932 uicaria
1396 1907 1484 1941 sua;
1526 1899 1562 1932 et
1596 1899 1675 1932 tota

181 1957 233 1994 30
261 1962 372 1995 nocte
400 1955 581 1993 uiderunt
611 1954 701 2004 quid
741 1953 911 1992 faciebat.
969 1952 1175 1992 Abbatissa
1210 1959 1340 1992 autem
1377 1952 1474 2003 cepit
1511 1954 1600 1992 flere.
1636 1959 1671 1991 et

261 2015 403 2054 dicere:
434 2015 465 2053 O
497 2020 639 2064 quanta
667 2014 768 2052 mala
795 2012 847 2051 illi
876 2012 945 2052 soci
973 2027 1048 2063 eqo.
1106 2013 1152 2051 Et
1179 2026 1269 2051 cum
1298 2013 1486 2062 pulsasset
1507 2011 1672 2062 signum,

262 2075 358 2113 facta
387 2079 444 2112 est
473 2072 668 2123 inquisitio
706 2072 805 2112 inter
834 2085 985 2111 sorores
1021 2073 1067 2110 de
1103 2085 1158 2110 ea.
1215 2073 1299 2119 Que
1334 2078 1375 2110 ut
1411 2071 1542 2113 sensit,
1581 2070 1671 2110 abiit

260 2133 414 2172 silenter
442 2132 480 2171 in
512 2134 639 2171 locum
667 2131 734 2170 ubi
763 2145 880 2170 senex
910 2130 1106 2181 quieuerat
1135 2137 1171 2169 et
1200 2131 1324 2169 furata
1344 2136 1400 2170 est
1430 2131 1610 2169 baculum
1637 2137 1672 2169 et

261 2191 543 2243 operimentum
570 2190 702 2242 cupitis
724 2190 805 2230 eius
826 2197 861 2229 et
890 2190 1064 2240 aperiens
1084 2189 1242 2229 ianuam
1270 2188 1493 2229 monasterii
1519 2189 1674 2228 silenter

182 2254 232 2291 35
263 2258 296 2290 et
325 2250 498 2290 scribens
530 2250 730 2301 epistolam
756 2250 794 2288 in
826 2264 931 2289 seras
959 2249 1165 2289 ianuarum
1194 2249 1341 2288 dicens:
1371 2250 1485 2288 Orate
1515 2262 1583 2298 pro
1612 2262 1674 2287 me

353 2408 374 2440 ⁶2
409 2405 565 2439 oleribus
599 2405 675 2439 ΕΚ
736 2403 788 2437 et²
822 2406 860 2435 8³
923 2404 944 2436 3
975 2401 1172 2444 lenticulas]
1206 2413 1257 2434 om
1288 2401 1327 2435 K
1390 2402 1411 2435 4
1443 2401 1593 2445 piscium
1625 2400 1673 2435 S²

261 2461 278 2493 7
306 2459 399 2503 quod
419 2460 472 2493 Ks
519 2458 649 2491 fecistis
668 2458 708 2492 Κ
758 2458 793 2491 11
826 2456 999 2500 discipuli}
1023 2458 1060 2495 -Ι-
1083 2455 1130 2488 illi
1149 2467 1229 2498 app.
1251 2456 1319 2488 ΕΚ
1374 2456 1414 2487 13
1439 2455 1579 2488 iuuistis
1601 2455 1677 2489 ΕΚ

263 2515 303 2546 16
322 2512 522 2557 iginii-10¹1<
574 2512 618 2545 24
645 2515 775 2545 terrani
794 2512 867 2544 ΕΚ
913 2512 957 2543 26
976 2508 1178 2543 exterrebat
1206 2510 1280 2542 Mss
1335 2509 1380 2541 2³8
1406 2508 1508 2551 uoca]
1525 2511 1562 2548 —l-
1585 2506 1671 2542 dixit.

260 2565 312 2599 Κ1
373 2567 418 2599 29
445 2565 567 2599 abiens
595 2566 669 2598 ΕΚ
730 2566 768 2597 31
800 2564 997 2607 pulsassent
1026 2563 1104 2597 ΕΚ
1160 2563 1204 2595 32
1232 2562 1290 2595 illa
1320 2563 1392 2595 ΕΚ
1449 2563 1493 2596 33
1520 2561 1586 2595 fur.
1605 2562 1669 2603 est]

260 2619 338 2653 tulit
364 2620 435 2652 ΕΚ
497 2619 541 2651 35
569 2617 709 2661 scripsit
738 2618 809 2651 ΕΚ
860 2616 1059 2650 ianuarium
1089 2615 1127 2646 Νι
