1834 2967
819 157 868 161 —
923 135 1006 173 XIV
1062 158 1112 161 —

376 259 434 297 15.
469 259 697 297 199—205:
742 257 877 295 Sermo
920 257 966 296 de
1007 257 1228 296 inventione
1261 258 1431 308 corporis
1460 271 1490 296 S.
1519 258 1668 297 Kataldi

470 316 700 355 confessoris
730 316 901 363 (Tarent.
936 317 1050 363 1094,
1079 316 1162 357 AA.
1183 317 1252 356 SS.
1273 317 1359 355 Mai.
1390 318 1434 364 ΙΙ,
1465 318 1570 365 569).

362 375 474 414 Diese
496 375 746 414 Handschritt
774 374 946 413 verdient
974 375 1200 414 tatsachlich
1229 375 1290 414 ein
1312 390 1408 426 ganz
1437 376 1670 415 besonderes

256 436 457 480 Interesse,
487 434 594 472 nicht
623 434 713 472 blot}
752 446 885 483 wegen
925 434 991 472 des
1020 435 1200 482 Inhaltes,
1244 435 1303 473 die
1341 435 1379 473 in
1418 436 1505 473 dem
1541 435 1670 485 hagio-

258 493 515 544 graphischen
545 493 626 531 Teil
654 493 820 531 manche
848 492 970 531 Unica
1000 493 1194 540 aufweist⁷
1235 495 1403 532 sondern
1442 495 1539 532 auch
1574 508 1671 544 ganz

257 553 467 591 besonders
487 565 621 602 wegen
651 552 717 589 der
736 551 909 598 Notizen,
939 551 999 590 die
1027 553 1122 591 tiber
1146 553 1316 592 einzelne
1336 553 1532 592 Verfasser
1551 553 1670 592 sowie

258 612 352 650 tiber
389 612 462 650 den
500 610 704 649 Schreiber
741 611 821 648 und
860 610 942 649 sein
971 611 1122 650 Kloster
1151 613 1320 662 gegeben
1359 613 1526 651 werden.
1583 613 1670 651 Erst

257 671 377 709 durch
421 669 802 709 dieseHandschrift
842 668 891 708 ist
929 683 969 708 es
1007 670 1172 720 moglich
1209 672 1398 721 gemacht5
1439 673 1538 710 auch
1576 672 1670 710 tiber

251 730 370 780 jenen
399 729 418 767 J
428 730 581 768 ohann
594 742 640 767 es
668 728 840 767 Naheres
875 741 921 767 zu
951 729 1141 768 erfahren.
1197 730 1248 768 Er
1277 730 1425 769 scheint
1460 730 1500 769 in
1536 730 1670 769 seinen

256 787 620 827 Mitbrtiderkreisen
649 788 730 826 sich
760 788 899 837 grofser
919 788 1145 827 Beliebtheit
1171 790 1312 828 erfreut
1340 803 1386 828 zu
1415 790 1556 837 haben,
1585 789 1671 828 weil

256 848 379 898 einige
399 847 523 885 seiner
538 839 854 897 Ubersetzungen
873 848 992 886 durch
1009 848 1084 886 den
1102 848 1304 887 Schreiber
1320 849 1526 888 Marinus
1547 848 1671 887 dieser

256 906 508 945 Handschrift
537 906 758 945 einverleibt
796 907 970 945 wurden.
1026 907 1122 945 Dem
1151 907 1283 946 Buche
1321 907 1440 946 selbst
1474 908 1566 946 aber
1602 908 1670 946 hat

257 967 322 1004 der
353 966 555 1004 Schreiber
584 965 640 1003 als
669 964 815 1003 seinem
837 965 1021 1004 Sohnlein
1054 967 1129 1004 den
1156 966 1306 1005 Namen
1336 965 1601 1005 Marinulus
1629 966 1668 1004 in

257 1025 426 1074 sinniger
456 1024 587 1063 Weise
625 1024 793 1075 gegeben
837 1025 918 1062 und
955 1024 1124 1075 zugleich
1163 1025 1338 1076 folgende
1377 1025 1671 1076 biographische

254 1084 416 1122 Notizen
445 1084 634 1133 beigeftigt
664 1081 742 1133 (fol.
764 1084 840 1121 2202
858 1084 924 1132 s.):

362 1143 461 1182 Cum
491 1156 573 1193 ego,
602 1143 716 1181 frater
744 1142 961 1181 Marinus
989 1143 1219 1189 monachus,
1249 1143 1430 1193 parvulus
1468 1156 1593 1183 essem
1630 1143 1670 1182 in

258 1203 372 1241 domo
403 1202 519 1252 patris
548 1201 624 1240 mei
653 1201 692 1239 in
723 1201 871 1240 civitate
909 1215 982 1251 que
1011 1207 1167 1240 vocatur
1206 1202 1494 1249 Sirrentum,
1532 1202 1672 1253 placuit

255 1262 334 1300 Deo
365 1293 373 1301 .
396 1292 405 1300 .
427 1293 435 1302 .
465 1266 506 1300 ut
535 1262 582 1300 ad
610 1261 785 1299 habiturn
815 1266 946 1300 sancte
975 1261 1166 1312 religionis
1186 1261 1437 1311 pervenirem.
1480 1262 1671 1312 Tempore

256 1333 424 1370 namque
459 1322 592 1359 domni
627 1320 867 1359 Johannis
906 1321 1097 1360 abbatis
1132 1320 1248 1359 huius
1284 1321 1406 1360 sancti
1441 1321 1590 1360 cenobii
1627 1334 1671 1360 ac

256 1381 399 1418 domno
429 1379 659 1430 Gregorio
687 1380 879 1418 monacho
909 1393 998 1418 vero
1028 1393 1211 1430 germano
1239 1379 1374 1418 matris
1402 1393 1499 1428 mee,
1528 1380 1568 1418 in
1596 1381 1672 1419 hoc

257 1439 538 1478 monasterium
567 1440 774 1489 perductus
795 1452 879 1477 sum
902 1444 939 1477 et
966 1439 1194 1478 monachico
1222 1439 1354 1477 habitu
1379 1439 1547 1478 indutus.
1586 1440 1673 1478 Fuit

257 1497 360 1537 enim
380 1499 589 1548 prephatus
609 1498 729 1537 abbas
759 1498 848 1537 civis
870 1498 1219 1537 Salernitanus
1248 1511 1387 1548 genere
1406 1498 1524 1537 nobili
1553 1504 1671 1546 ortus,

256 1559 407 1607 loquela
435 1558 636 1604 facundus,
665 1559 704 1596 in
735 1557 976 1607 acquirendIS
1006 1558 1122 1596 rebus
1152 1563 1344 1604 strenuus⁷
1375 1571 1533 1608 corpore
1561 1572 1671 1608 gran-

257 1618 387 1663 devus,
431 1616 612 1655 omnibus
653 1616 901 1655 honorabilis.
958 1616 1032 1664 Qui
1074 1617 1169 1655 sedit
1211 1617 1249 1655 in
1293 1616 1426 1655 ordine
1468 1618 1670 1656 abbatatus

257 1676 372 1725 (εἰσί)
402 1689 526 1714 annos
563 1681 638 1714 tres
667 1681 703 1714 et
731 1689 886 1714 menses
922 1681 1019 1714 octo.
1076 1677 1168 1714 Post
1204 1676 1276 1714 hec
1311 1676 1358 1714 ab
1397 1675 1533 1714 emulis
1570 1677 1672 1727 apud

260 1748 390 1786 regem
418 1735 712 1785 Roggerium
741 1741 941 1774 accusatus
962 1736 1042 1774 eius
1062 1736 1168 1774 iussu
1188 1735 1383 1786 depositus
1413 1741 1469 1774 est
1499 1767 1506 1773 .
1530 1767 1537 1773 .
1561 1767 1569 1774 .
1597 1736 1672 1783 Qui

261 1800 347 1845 post
373 1795 446 1833 hec
473 1808 590 1845 parvo
619 1795 749 1833 vivens
777 1801 949 1845 tempore
978 1796 1078 1844 apud
1107 1795 1430 1834 Beneventum
1469 1795 1671 1833 defunctus

261 1860 317 1893 est
345 1854 474 1904 ibique
501 1855 684 1904 sepultus.

369 1913 560 1952 Successit
581 1944 589 1952 .
612 1945 619 1952 .
643 1944 650 1951 .
673 1914 839 1951 domnus
859 1913 1096 1951 Petronax
1117 1913 1249 1959 abbas,
1279 1912 1369 1951 civis
1391 1913 1672 1961 Tranensis⁷

263 1973 316 2011 vir
345 1986 412 2022 per
442 1973 571 2011 omnia
611 1972 795 2019 eruditus,
835 1977 933 2010 etate
962 1985 1081 2010 senex
1111 2003 1118 2011 .
1143 2003 1180 2010 ..
1220 1972 1294 2019 Qui
1332 1971 1423 2010 vixit
1462 1973 1500 2011 in
1541 1972 1674 2011 ordine

262 2033 464 2071 abbatatus
498 2045 622 2071 annos
665 2036 828 2082 quatuor
870 2036 905 2069 et
943 2044 1098 2070 menses
1137 2037 1310 2081 quatuor.
1368 2031 1453 2078 Quo
1494 2032 1673 2070 defuncto

263 2091 427 2130 surrexit
456 2091 493 2129 in
524 2092 606 2130 loco
637 2091 717 2130 eius
747 2092 912 2129 domnus
943 2090 1149 2129 Marinus
1179 2091 1311 2137 abbas,
1341 2091 1432 2129 civis
1452 2090 1673 2142 Neapoli-

263 2156 408 2189 tanus
540 2150 613 2198 Qui
643 2150 738 2189 sedit
768 2182 776 2189 .
800 2182 807 2188 .
830 2182 838 2189 .
869 2162 993 2189 annos
1014 2151 1145 2188 decem
1175 2155 1211 2188 et
1240 2155 1386 2200 septem
1421 2163 1557 2189 menso
1595 2163 1673 2188 uno

263 2210 342 2248 dies
371 2210 581 2249 duodecim.
640 2209 756 2249 Cuius
786 2209 1022 2260 temporibus
1051 2209 1221 2248 dedicata
1256 2215 1312 2248 est
1340 2223 1482 2260 magna
1516 2209 1674 2248 ecclesia

263 2269 377 2307 huius
407 2269 528 2307 sancti
566 2269 786 2307 monasterii
824 2268 946 2307 officio
985 2270 1251 2318 episcoporum
1280 2271 1318 2307 in
1357 2270 1505 2307 honore
1535 2269 1674 2307 Sancte

264 2328 330 2367 Dei
356 2327 556 2367 Genitricis
577 2328 717 2366 Marie
747 2333 781 2366 et
802 2328 901 2366 beati
922 2328 1011 2366 Viti
1033 2328 1209 2366 Christi
1229 2329 1418 2378 martyris,
1446 2341 1549 2366 anno
1574 2329 1672 2366 115¹.)

263 2387 323 2426 die
353 2392 485 2436 quarta
515 2387 663 2425 decima
692 2388 835 2426 mensis
864 2387 964 2426 Junii
994 2387 1198 2426 indictione
1220 2388 1295 2426 vll.
1352 2387 1425 2434 Qui
1445 2400 1531 2425 cum
1551 2387 1673 2425 multo

264 2453 435 2496 tempore
464 2446 587 2484 valida
616 2446 834 2485 infirmitate
869 2447 1004 2485 cotidie
1033 2447 1277 2494 cruciaretur,
1313 2448 1466 2485 tandem
1497 2446 1595 2484 venit
1626 2447 1673 2485 ad

266 2506 412 2544 obitum
444 2537 451 2544 .
475 2537 482 2544 .
506 2537 513 2544 .
545 2506 631 2552 Quo
651 2506 829 2544 defuncto
859 2512 940 2544 orta
961 2512 1017 2544 cst
1046 2507 1239 2545 contentio
1269 2507 1457 2545 internos
1477 2507 1523 2544 de
1552 2506 1673 2556 sepul-

266 2571 350 2604 tura
379 2565 472 2612 eius,
502 2578 546 2603 eo
577 2566 678 2614 quod
699 2566 916 2614 sepulcrum
938 2579 1100 2604 vacuum
1130 2580 1207 2604 non
1239 2571 1341 2604 esset
1371 2597 1378 2604 .
1403 2596 1409 2603 .
1434 2597 1441 2603 .
1473 2564 1574 2603 Dixit
1595 2564 1673 2614 qui-

265 2626 354 2664 dam
385 2625 515 2663 frater:
547 2624 735 2663 Levemus
765 2638 851 2662 ossa
882 2624 1013 2662 domni
1044 2625 1223 2664 Placidi
1253 2630 1289 2663 et
1325 2624 1457 2663 domni
1485 2623 1672 2663 Martini
