1834 2967
816 113 1082 150 —110-

258 237 372 276 nichil
402 237 503 275 aliud
532 236 742 286 respondit,
772 236 845 274 nisi
865 235 1049 285 quoniam
1070 235 1240 285 peccaui3
1271 234 1411 285 parcite
1439 234 1567 273 michi.
1611 235 1671 273 In—

258 296 434 347 dignatus
462 300 591 334 autem
612 297 690 334 dux
719 295 885 345 precepit
905 308 993 333 eum
1014 294 1167 332 extendi
1187 299 1223 332 et
1242 294 1372 332 neruis
1401 293 1527 332 crudis
1547 298 1670 331 totum

258 357 417 394 dorsum
446 355 527 393 eius
557 355 755 405 disrumpi.
813 355 1004 392 Extensus
1033 358 1161 391 autem
1190 353 1229 390 in
1257 354 1446 402 quadrum
1475 357 1512 391 et
1541 353 1672 391 neruis

256 414 593 453 inmisericorditer
613 426 701 452 cum
716 414 924 459 cederetur,
945 413 1018 451 leto
1034 412 1142 450 uultu
1158 411 1361 450 subridens
1379 411 1430 450 ait
1450 412 1499 449 ad
1514 412 1671 450 ducem:

208 474 231 509 5
261 474 410 519 Tunde,
453 474 573 511 tunde
610 478 812 522 argentum
846 485 991 519 meum,
1031 476 1072 509 ut
1107 471 1245 509 clarius
1282 470 1463 520 opereris.
1519 470 1566 508 Et
1594 470 1672 508 dux

260 532 327 571 ait:
364 532 443 582 Ego
471 532 625 581 quidem
665 545 780 581 super
816 531 946 569 niuem
986 530 1171 568 dealbabo
1206 535 1313 568 tuam
1347 529 1571 568 fatuitatem.
1626 528 1674 567 Et

260 592 428 642 precepit
456 592 643 630 carbones
673 591 793 629 sterni
822 591 893 629 sub
923 595 1058 628 uentre
1087 589 1168 627 eius
1197 594 1233 628 et
1253 589 1309 627 sal
1337 601 1424 627 cum
1454 593 1556 627 aceto
1584 587 1672 625 mis-

120 655 245 689 E179v
262 650 337 690 ceri
380 656 416 689 et
456 664 571 701 super
608 651 740 700 plagas
770 650 851 688 eius
887 649 1040 688 effundi.
1097 648 1171 695 Qui
1192 647 1206 699 ΙΙ
1227 653 1355 686 autem
1390 648 1579 694 astabant,
1609 647 1676 684 ad·

261 711 500 749 mirabantur
537 723 651 760 super
690 709 872 759 patientia
909 708 990 746 eius
1029 713 1065 746 et
1093 707 1313 746 fortitudine
1349 712 1385 745 et
1417 707 1593 745 dicebant
1621 705 1674 745 ei:

187 769 234 806 10
263 770 330 808 Dic
359 769 476 807 michi
504 768 570 807 ubi
598 767 733 806 misisti
764 781 872 806 sacra
909 780 1003 805 uasa
1031 772 1068 805 et
1104 766 1192 816 quid
1231 767 1276 804 de
1305 766 1358 804 eis
1388 765 1519 812 fecisti,
1558 769 1595 803 et
1623 764 1676 803 di-

263 828 435 867 mitteris.
492 828 557 866 Ille
599 840 692 865 uero
722 827 887 865 dicebat:
926 825 1025 874 Quia
1054 838 1132 864 non
1167 826 1292 864 habeo
1322 838 1490 863 causam.
1548 825 1676 872 Quan—

263 889 387 937 doque
429 892 559 925 autem
600 900 622 924 a
660 885 862 924 tormentis
897 885 1020 924 leuari
1048 884 1158 923 iussit
1196 890 1232 923 et
1272 884 1312 923 in
1355 897 1547 923 carcerem
1586 896 1676 922 eum

144 951 249 985 K162
263 947 361 986 mitti
396 948 565 996 precepit
606 950 642 984 et
676 944 847 983 ieiunum
885 945 1032 994 absque
1066 944 1173 982 omni
1210 943 1415 982 curationis
1458 942 1472 993 ΙΙ
1507 943 1677 981 fomento

264 1005 456 1045 custodiri.

188 1065 233 1101 15
368 1065 412 1103 In
456 1063 624 1102 crastino
667 1076 760 1102 uero
802 1063 906 1101 misit
940 1063 1017 1101 dux
1051 1061 1092 1100 in
1127 1061 1418 1108 monasterium,
1456 1067 1498 1099 ut
1540 1073 1676 1099 omnes

265 1124 442 1163 uenirent
478 1137 556 1162 una
593 1136 682 1161 cum
718 1123 866 1161 abbate.
923 1122 998 1169 Qui
1034 1135 1122 1160 cum
1157 1121 1367 1168 uenissent,
1403 1120 1496 1159 dixit
1530 1121 1578 1158 ad
1612 1133 1678 1158 eos

264 1185 359 1222 dux:
390 1183 469 1232 Ego
499 1183 654 1232 quidem
682 1182 802 1220 multa
831 1181 900 1220 feci
929 1187 965 1220 et
993 1181 1155 1219 diuersis
1191 1193 1280 1219 eum
1317 1179 1519 1218 tormentis
1548 1179 1677 1226 afflixi,

264 1249 300 1282 et
330 1243 446 1281 nichil
481 1242 644 1292 amplius
679 1241 783 1291 potui
821 1240 1008 1279 inuenire.
1064 1241 1111 1278 Et
1145 1240 1276 1278 dicunt
1314 1240 1361 1278 ad
1400 1252 1489 1278 eum
1524 1239 1677 1277 fratres:

265 1302 470 1350 Quoniam,
501 1301 735 1347 dominator,
772 1305 809 1338 et
836 1300 910 1338 alia
945 1299 1066 1338 multa
1093 1299 1195 1338 mala
1222 1298 1309 1337 fecit
1349 1304 1385 1337 et
1423 1297 1679 1336 sustinuimus

188 1358 238 1396 ΞΟ
267 1375 355 1400 eum
383 1366 538 1411 propter
567 1360 703 1406 Deum,
742 1364 987 1409 expectantes
1026 1363 1066 1397 ut
1105 1363 1391 1397 conuerteretur
1434 1371 1457 1396 a
1492 1356 1680 1408 prauitate

266 1434 353 1468 sua3
384 1425 420 1458 et
448 1432 535 1458 ecce
562 1420 610 1458 ad
630 1418 759 1469 peiora
787 1418 913 1469 potius
943 1417 1091 1456 decidit.
1130 1417 1195 1456 Ait
1222 1417 1293 1456 illis
1323 1418 1418 1456 dux:
1449 1416 1550 1464 Quid
1568 1415 1681 1466 igitur

264 1480 400 1518 faciam
429 1478 487 1517 ei?
543 1478 683 1516 Dicunt
710 1477 781 1516 illi:
813 1477 897 1525 Que
926 1476 1140 1527 precipiunt
1167 1477 1285 1526 leges.
1341 1476 1387 1514 Et
1416 1477 1492 1514 dux
1528 1475 1580 1515 ait
1608 1475 1680 1514 eis:

265 1540 343 1577 Lex
383 1537 585 1587 sacrilegos
623 1536 811 1575 interficit.
869 1536 1007 1574 Dicunt
1036 1535 1105 1574 illi:
1144 1535 1408 1574 Interficiatur.
1465 1535 1511 1573 Et
1540 1534 1682 1573 dimisit

140 1601 162 1634 S
179 1601 245 1634 80V
266 1612 331 1637 eos
360 1603 396 1636 et
423 1597 510 1636 fecit
537 1597 726 1635 adducere
746 1594 761 1646 ΙΙ
781 1596 948 1634 fratrem.
1006 1595 1051 1633 Et
1081 1596 1220 1633 sedens
1249 1608 1363 1645 super
1393 1594 1560 1633 tribunal
1589 1593 1683 1632 dixit

187 1661 236 1698 :25
266 1659 312 1697 ad
342 1670 448 1696 eum:
492 1656 704 1701 Manifesta,
746 1655 971 1702 miserrime,
1013 1660 1048 1693 et
1077 1654 1299 1693 liberaberis
1328 1668 1350 1692 a
1386 1659 1522 1692 morte.
1580 1653 1683 1691 Dixit

268 1718 314 1755 ad
345 1729 433 1755 eum
463 1716 594 1754 frater:
637 1715 677 1754 Si
706 1714 868 1765 precipis
898 1719 939 1752 ut
967 1714 1068 1763 quod
1105 1726 1184 1752 non
1214 1718 1272 1751 est
1309 1713 1444 1760 dicam,
1485 1712 1580 1751 dico.
1637 1712 1683 1751 Et

269 1777 363 1814 dux:
392 1775 490 1814 Nolo
521 1780 562 1813 ut
589 1774 787 1813 mentiaris
816 1779 950 1812 contra
978 1779 1014 1811 te
1042 1773 1181 1823 ipsum.
1239 1772 1284 1811 Et
1314 1774 1445 1810 frater:
1481 1772 1605 1811 Nichil
1636 1784 1683 1810 ex

269 1838 342 1874 hoc
357 1835 458 1885 quod
474 1834 688 1884 interrogor
705 1846 900 1872 memoror
914 1846 977 1872 me
997 1832 1130 1871 fecisse
1144 1832 1360 1881 aliquando.
1393 1832 1534 1870 Videns
1555 1836 1684 1870 autem

269 1896 345 1933 dux
376 1895 477 1944 quod
506 1893 622 1932 nichil
651 1893 752 1932 aliud
773 1892 913 1931 diceret
943 1905 989 1930 ex
1017 1892 1091 1930 hoc
1111 1893 1212 1941 quod
1233 1891 1553 1940 interrogabatur,
1583 1890 1685 1929 dedit

191 1957 241 1994 30
270 1957 304 1992 ei
342 1953 571 1992 sententiam
607 1958 648 1991 ut
682 1953 940 1991 decollaretur.
998 1951 1044 1990 Et
1081 1950 1309 2001 accipientes
1347 1963 1435 1988 euin
1475 1949 1684 1996 carnifices,

271 2014 461 2051 ducebant
491 2026 579 2051 eum
608 2017 649 2051 ut
679 2012 939 2051 decollaretur.

379 2073 476 2111 Cum
520 2077 649 2111 autem
692 2073 905 2118 duceretur,
944 2075 1197 2121 compunctus
1241 2075 1296 2107 est
1336 2068 1395 2107 ille
1432 2068 1495 2118 qui
1538 2069 1685 2107 furatus

273 2133 392 2170 suerat
435 2144 545 2170 sacra
582 2131 732 2181 cymilia
772 2131 901 2169 dicens
936 2130 983 2168 ad
1013 2129 1280 2179 semetipsum:
1321 2128 1411 2167 Siue
1447 2128 1562 2166 modo
1603 2127 1685 2166 siue

273 2197 403 2241 postea
432 2191 740 2229 manifestabitur
767 2191 839 2228 hec
859 2202 986 2228 causa.
1031 2189 1076 2227 Et
1105 2188 1135 2227 si
1164 2188 1226 2226 hic
1255 2187 1421 2234 latueris,
1451 2187 1541 2237 quid
1571 2187 1685 2226 facies

194 2253 243 2290 37,
274 2251 311 2288 in
342 2250 400 2288 die
430 2250 490 2288 illa
522 2251 744 2288 tremenda?
801 2249 963 2297 Qualem
993 2247 1180 2287 rationein
1209 2248 1330 2286 habes
1360 2248 1406 2286 de
1436 2252 1512 2285 tam
1543 2246 1685 2285 crudeli

381 2405 401 2438 2
427 2404 545 2438 crudis
571 2425 614 2429 —
640 2402 767 2438 tunde¹
795 2402 856 2437 S2'
913 2404 935 2437 S
961 2406 1079 2436 autem
1107 2401 1163 2437 S¹s
1224 2402 1266 2435 12
1292 2401 1431 2435 leuatus
1457 2400 1522 2433 ius.
1542 2410 1623 2434 eum
1650 2398 1686 2432 in

274 2468 452 2492 carcerem
468 2457 559 2491 mitti
586 2458 658 2491 ΕΚ
710 2458 750 2491 15
769 2457 804 2490 in
823 2455 1188 2490 crastino—diuersis
1208 2458 1267 2489 S2'
1321 2456 1360 2488 16
1376 2454 1460 2497 una]
1473 2454 1597 2487 fratres
1615 2453 1691 2486 ΕΚ

274 2512 319 2544 24-
344 2510 471 2544 adduci
488 2510 580 2544 1321<
626 2511 744 2553 super]
769 2521 832 2553 pro
851 2511 890 2543 K
937 2508 1104 2543 tribunali
1124 2510 1210 2549 ΕΚ;
1238 2507 1451 2542 tribunalern
1477 2508 1521 2541 S¹
1572 2507 1616 2540 ⁹26
1642 2506 1687 2540 ad

275 2565 369 2606 euin]
399 2567 518 2597 autem
537 2564 610 2597 ΕΚ
682 2564 726 2597 28
745 2573 883 2596 memor
909 2564 936 2596 S
1007 2562 1051 2595 34
1077 2562 1104 2595 si
1130 2562 1185 2595 hic
1211 2562 1268 2596 lat.
1288 2560 1345 2595 S²'
1419 2562 1463 2593 35
1487 2559 1685 2602 tremenda]

281 2622 316 2657 *ff
348 2617 431 2660 quid
458 2617 563 2651 facies
590 2617 663 2650 ΕΚ
710 2616 859 2650 habebis
885 2617 963 2650 ΕΚ
