1834 2967
700 122 965 158 —73—

453 268 534 309 20.
573 267 646 309 De
684 267 894 321 quodam
930 265 1208 308 scolastico.

124 354 238 441 Fuit
268 355 424 405 quidam
451 355 511 393 uir
540 354 760 393 scolasticus
781 353 795 404 ΙΙ
816 355 855 392 in
875 354 1079 392 Ascalona.
1136 354 1208 392 Hic
1237 355 1379 404 accepit
1408 369 1429 393 a
1458 355 1678 394 De0E159v

215 414 376 464 gratiam
404 413 671 464 hospitalitatis
692 418 728 452 et
757 413 975 452 elemosine.
1033 413 1158 451 Tanta
1177 418 1307 451 autem
1336 413 1405 451 fuit
1434 414 1472 451 in
1493 427 1537 452 eo

125 473 249 511 uirtus
278 471 543 523 conpassionis
572 477 614 510 ut
652 472 772 510 eciam
808 473 967 510 domum
996 485 1108 510 suam
1136 471 1274 510 faceret
1309 472 1537 522 hospitalem

124 537 161 570 et
189 531 394 582 recipiebat
429 544 576 578 omnes,
614 530 783 569 maxime
819 543 912 569 uero
949 531 1176 570 monachos,
1233 531 1411 569 Habebat
1443 545 1537 570 uero

126 597 162 629 et
191 591 456 641 possessiones
484 591 626 628 multas
655 594 691 628 et
719 590 860 627 harum
888 589 1063 627 omnium
1090 589 1243 627 lucrum
1271 589 1311 628 in
1340 589 1538 629 dilectione

124 655 161 688 et
190 649 374 699 obsequio
402 650 564 687 fratrum
592 648 831 698 expendebat
867 653 902 686 et
941 661 1020 686 non
1060 647 1187 686 solum
1222 648 1473 687 aduenientes
1502 655 1538 687 et

124 708 164 747 in
193 721 237 748 eo
266 710 348 747 loco
368 707 587 746 habitantes
616 707 782 754 fouebat,
812 720 952 745 uerum
972 707 1094 746 eciam
1113 707 1151 745 in
1171 707 1384 757 longinquo
1404 707 1536 758 positis

122 766 366 806 monasteriis
394 766 654 816 indigentibus
683 779 750 817 per
770 779 895 804 annos
925 766 1097 817 singulos
1127 766 1268 805 solidos
1297 766 1481 817 dirigebat
1501 771 1537 805 et

124 839 197 876 que
226 825 279 864 eis
309 825 525 864 necessaria
554 830 675 864 erant.
1570 826 1617 862 10

235 886 329 924 Cum
371 891 495 923 autem
537 887 579 922 in
616 886 683 922 hoc
721 898 830 933 opere
866 889 1148 933 perseueraret,
1190 886 1348 922 aduenit
1395 890 1539 934 tempus

123 957 195 994 qao
222 946 357 983 solitus
393 949 476 982 erat
510 946 659 982 mittere
695 945 940 982 monasteriis
980 949 1014 981 ei
1052 945 1147 981 dare
1181 944 1382 993 eqentibch.
1440 943 1538 982 Cum

122 1015 216 1041 uero
259 1016 338 1041 non
379 1003 537 1041 haberet
580 1002 735 1052 aliquid,
775 1002 873 1052 cepit
908 1001 1125 1041 contristari
1167 1007 1203 1040 et
1241 1001 1387 1040 anxiari
1426 1015 1537 1053 prop-

122 1067 178 1101 ter
208 1062 310 1111 quod
338 1061 617 1112 impediebatur
646 1061 686 1100 in
716 1060 904 1111 expendio
942 1067 978 1100 et
1015 1060 1282 1099 distributione
1311 1074 1536 1112 pauperum.

121 1121 252 1170 Itaque
299 1134 388 1159 cum
444 1121 592 1160 sederet
638 1120 675 1159 in
717 1121 831 1159 domo
886 1133 956 1158 sua
998 1120 1171 1158 mesticia
1208 1121 1358 1170 plenus,
1405 1133 1536 1159 ascen·
1569 1119 1615 1156 15

124 1181 220 1218 dens
259 1179 468 1218 hostiarius
505 1179 597 1218 dixit
635 1179 686 1218 ei:
731 1179 858 1218 Senex
900 1179 1055 1228 quidam
1093 1179 1177 1218 uult
1216 1178 1282 1217 tibi
1316 1179 1435 1228 loqui.
1491 1179 1537 1217 Et

122 1238 232 1277 iussit
261 1240 468 1278 ascendere
497 1252 587 1278 eum
614 1241 665 1277 ad
694 1252 743 1277 se.
800 1238 889 1277 Erat
929 1237 1034 1276 enim
1062 1239 1285 1276 uenerande
1323 1237 1466 1276 canicie
1501 1243 1537 1276 et

121 1297 388 1348 pulcritudinis
405 1297 469 1348 qui
489 1303 730 1348 apparuerat.
773 1298 848 1345 Qui
869 1310 957 1336 cum
978 1297 1149 1345 sedisset⁷
1170 1296 1264 1335 dixit
1283 1297 1333 1336 ei:
1363 1297 1463 1344 Quid
1483 1299 1538 1335 sic

123 1357 298 1404 tristaris,
328 1357 484 1396 domine
504 1357 727 1396 scolastice?
756 1356 831 1404 Qui
860 1356 928 1395 ait:
958 1357 1119 1407 Propter
1148 1361 1303 1407 peccata
1329 1369 1430 1394 mea.
1473 1355 1537 1394 Sic

121 1416 225 1455 enim
257 1417 424 1455 habebat
445 1416 766 1455 consuetudinem
794 1416 1064 1466 respondendi.
1121 1415 1169 1454 Et
1188 1416 1358 1454 secundo
1389 1414 1481 1453 dixit
1503 1418 1537 1453 ei
1565 1415 1616 1452 ΞΟ

120 1488 260 1514 senex:
290 1475 441 1522 Eciam3
463 1476 530 1513 sed
549 1481 583 1514 et
603 1474 717 1514 aliam
736 1475 958 1513 tristicillam
977 1475 1110 1513 habes.
1150 1475 1236 1524 Ipse
1256 1488 1347 1513 uero
1376 1476 1533 1512 eundem
1548 1478 1576 1512 K
1589 1478 1678 1512 142v

121 1547 329 1573 sermonem
350 1532 364 1584 Η
385 1537 577 1573 reiterans
605 1537 680 1573 ait:
710 1535 877 1584 Propter
899 1540 1056 1584 peccata
1078 1548 1172 1572 mea.
1214 1535 1265 1572 Et
1293 1547 1423 1572 senex:
1453 1534 1537 1571 Iam
1555 1537 1662 1572 T70v

120 1596 236 1632 tercio
276 1596 361 1632 dixi
403 1595 472 1632 tibi
512 1596 601 1644 quia
645 1595 764 1631 aliam
804 1595 1009 1632 tristiciam
1050 1594 1173 1631 habes.
1230 1592 1329 1640 Quid
1369 1591 1536 1642 cogitas?

122 1652 222 1699 Quid
250 1652 437 1691 tristaris?
464 1652 598 1691 Nescis
627 1652 718 1702 quia
739 1652 841 1691 Deus
870 1657 927 1691 est
947 1652 1011 1701 qui
1041 1652 1105 1690 dat
1130 1665 1259 1690 escam
1287 1650 1393 1689 omni
1419 1649 1537 1689 carni.

121 1710 318 1760 Numquid
348 1715 414 1750 tu?
452 1711 498 1749 Et
517 1712 685 1750 educens
715 1712 760 1749 de
789 1711 878 1749 sinu
897 1723 967 1749 suo
988 1711 1191 1761 ligaturam
1211 1710 1311 1749 dedit
1331 1709 1364 1748 ei
1385 1709 1536 1748 dicens:
1566 1710 1616 1748 Ξῖ)

120 1770 216 1808 Ecce
245 1770 365 1809 habes
395 1775 585 1809 trecentos
615 1770 756 1809 solidos
776 1769 815 1808 in
845 1770 1045 1820 expendio.
1102 1770 1176 1808 Fac
1205 1782 1295 1819 ergo
1324 1769 1539 1807 secundum

122 1829 224 1879 quod
253 1829 386 1868 solitus
415 1843 456 1868 es
485 1829 609 1868 facere
636 1829 906 1868 ministerium.
929 1827 943 1879 ΙΙ
1561 1833 1660 1867 S76v

227 1887 326 1926 Cum
355 1893 485 1927 autem
512 1888 694 1926 intrasset
731 1887 952 1926 scolasticus
973 1885 988 1937 Η
1008 1887 1047 1925 in
1083 1887 1304 1926 cubiculum
1342 1899 1458 1925 suum
1496 1891 1639 1926 utB97

122 1952 324 1997 reponeret
343 1947 547 1996 ligaturam
566 1947 673 1985 illam
692 1947 730 1985 in
753 1947 929 1994 armario,
960 1946 1142 1985 continuo
1173 1946 1304 1984 exiens
1340 1946 1538 1984 neminem

122 2005 282 2046 inuenit.
339 2006 385 2044 Et
415 2006 512 2057 cepit
541 2006 652 2044 irasci
680 2011 814 2045 contra
842 2019 907 2044 eos
938 2005 1001 2055 qui
1030 2011 1140 2044 erant
1166 2005 1205 2043 in
1228 2006 1354 2052 domo,
1384 2010 1427 2043 ut
1448 2004 1538 2054 quid
1566 2006 1618 2043 30

122 2064 386 2115 permisissent
406 2066 638 2104 descendere
667 2078 802 2103 senem
829 2064 949 2111 illumy
979 2070 1188 2114 antequam
1210 2065 1370 2103 faceret*
1398 2063 1535 2102 oratio-

120 2137 223 2162 nem.
280 2123 337 2162 Illi
364 2137 458 2162 uero
488 2124 748 2163 certificabant
777 2137 867 2162 cum
895 2123 1111 2162 iuramento
1149 2123 1348 2162 neminem
1387 2136 1427 2162 se
1457 2135 1536 2161 om-

121 2183 236 2221 nino*
278 2182 430 2222 uidisse.
487 2183 533 2222 Et
569 2184 764 2222 aduocans
802 2182 1032 2222 hostiarium
1061 2182 1159 2233 cepit
1187 2182 1385 2230 increpare
1414 2195 1503 2221 eum
1523 2180 1660 2231 ΙΙΕ16Ο

123 2241 280 2288 sortiter,
324 2242 460 2292 utquid
509 2241 717 2281 dimisisset
758 2241 863 2281 abire
901 2255 1035 2280 senem
1072 2241 1191 2280 illum.
1261 2241 1337 2289 Qui
1381 2246 1418 2280 et
1460 2241 1541 2291 ipse

121 2300 295 2340 similiter
323 2301 538 2340 affirmabat
567 2314 692 2351 neque
720 2302 927 2339 ascendere
956 2313 1081 2350 neque
1110 2301 1341 2340 descendere
1374 2299 1538 2339 uidisse*
1568 2301 1617 2338 35

1592 533 1616 569 O!

228 2455 248 2489 2
275 2454 469 2489 Ascalonia
493 2453 547 2489 E¹
597 2455 618 2488 3
644 2454 810 2489 elemone
835 2454 885 2489 Β1
938 2455 979 2488 16
1006 2453 1172 2489 ostiarius
1197 2452 1253 2488 Κ2
1309 2453 1355 2496 et]
1380 2452 1441 2496 qui
1465 2453 1547 2487 ΕΚ

125 2509 167 2543 18
192 2508 236 2542 ad
262 2519 346 2542 eum
371 2508 452 2542 ΕΚ
498 2508 543 2541 ΕΖΟ
561 2507 606 2550 et]
635 2507 765 2542 iterum
782 2508 863 2542 ΕΚ
908 2508 949 2541 21
979 2507 1086 2542 etiam
1114 2507 1221 2542 etiam
1239 2506 1320 2540 ΕΚ
1365 2507 1410 2539 29
1435 2516 1542 2549 pone·

121 2565 175 2595 ret
200 2562 243 2596 K
295 2561 392 2595 illam
418 2562 472 2595 Ks
531 2560 576 2594 34
601 2561 696 2604 fort]
724 2561 960 2596 uehementer
985 2561 1060 2595 ΕΚ
1124 2560 1208 2604 quid
1235 2561 1288 2594 13³
1351 2559 1411 2603 qui
1437 2562 1471 2593 et
1496 2579 1540 2584 —-

119 2614 277 2658 aliquem
303 2615 396 2649 BTm
446 2614 491 2648 35
517 2613 747 2648 affirmabant
772 2613 822 2648 Β1
