1834 2967
383 557 431 600 S:
463 556 678 610 Capitula
710 555 760 598 in
790 555 986 598 Librum
1018 555 1072 599 de
1102 556 1358 601 Miraculis.

209 647 338 685 Rubr:
367 646 554 696 Prologus
583 645 769 684 Johannis
797 645 979 684 monachi
1007 645 1047 683 in
1076 645 1216 684 librum
1246 646 1292 684 de
1320 646 1526 685 miraculis.

273 730 305 768 1.
334 728 467 779 Incipit
494 728 653 768 historia
681 730 728 767 de
756 727 950 778 inmagine
969 728 1123 767 Domini
1143 729 1263 767 nostri
1290 729 1403 768 Ihesu
1431 730 1571 769 Christi

164 801 238 837 que
257 793 315 826 est
333 787 371 826 in
393 788 525 827 calcho
546 788 693 838 precisa
711 787 752 826 in
780 788 863 826 loco
891 787 954 825 illo
974 800 1042 837 pro
1063 800 1139 837 qua
1158 800 1273 826 causa
1301 789 1570 844 cognominata

162 852 219 885 est
246 846 520 897 Antsphonitis,
548 847 585 885 id
614 852 671 885 est
698 847 884 885 mediator
938 877 1409 886 ........
1466 862 1525 898 pg.
1551 850 1567 886 1

269 918 323 957 De
351 919 501 957 duobus
530 917 835 968 negociatoribus
865 918 1068 956 Theodoro
1097 923 1133 956 et
1160 917 1344 956 Abramio
1401 948 1409 957 .
1466 932 1525 968 [ς.
1547 921 1571 956 6

268 991 304 1028 2.
335 989 389 1027 De
418 990 584 1039 quodam
622 1002 735 1039 mago
765 988 922 1028 nomine
950 989 1096 1036 Mesita,
1137 988 1200 1039 qui
1236 989 1356 1028 uoluit
1390 991 1571 1028 seducere

161 1049 355 1098 quendam
383 1047 576 1087 notarium
603 1048 803 1086 timentem
832 1048 955 1086 Deum
977 1079 1382 1088 .......
1440 1063 1499 1099 pg.
1521 1050 1571 1087 36

268 1121 303 1158 3.
346 1120 400 1157 De
441 1121 607 1169 quodam
646 1119 816 1157 fflentulo
859 1118 922 1169 qui
965 1132 1122 1158 ornnem
1164 1119 1419 1158 substantiam
1461 1133 1570 1158 suam

159 1179 329 1229 erogauit
371 1178 620 1229 pauperibus,
672 1191 797 1228 neque
838 1183 968 1218 tamen
1009 1192 1031 1217 a
1071 1178 1319 1218 fornicatione
1360 1192 1482 1229 usque
1524 1181 1570 1217 ad

160 1244 322 1277 mortem
352 1238 526 1284 cessauit,
557 1239 624 1277 sed
642 1237 710 1276 Dei
739 1237 925 1276 adiutorio
946 1238 1116 1276 saluatus
1145 1243 1202 1277 est
1241 1269 1248 1276 .
1307 1269 1315 1276 .
1375 1269 1382 1277 .
1440 1252 1498 1288 pg.
1521 1240 1572 1276 40

270 1310 304 1347 4.
349 1309 404 1347 De
450 1307 596 1358 origine
639 1308 882 1347 orientalium
923 1307 1169 1347 ecclesiarum
1212 1314 1248 1347 et
1289 1309 1335 1347 de
1377 1309 1571 1347 nobilibus

159 1368 403 1407 sermonibus
423 1367 577 1406 Domini
606 1368 727 1407 nostri
755 1369 870 1406 lhesu
890 1367 1031 1406 Christi
1057 1368 1121 1418 qui
1150 1368 1261 1407 dixit:
1291 1369 1569 1418 Quodcumque

157 1427 365 1477 ligaueritis
394 1440 508 1477 super
546 1432 700 1473 terram⁷
739 1427 808 1466 erit
833 1427 992 1477 ligatum
1030 1433 1066 1465 et
1094 1427 1134 1466 in
1163 1427 1267 1474 celis,
1297 1433 1333 1466 et
1369 1427 1457 1477 quia
1491 1441 1570 1466 nou

160 1486 230 1525 soli
258 1487 371 1525 Petro
409 1487 579 1537 apostolo
617 1491 654 1525 et
682 1486 816 1525 ceteris
855 1485 1035 1537 apostolis
1073 1486 1121 1525 sit
1154 1487 1225 1525 hec
1263 1488 1351 1526 data
1389 1492 1569 1537 potestas,

160 1559 291 1584 verum
320 1545 440 1584 eciam
470 1546 650 1584 omnibus
680 1545 941 1584 sacerdotibus
971 1545 1033 1595 qui
1063 1551 1164 1584 recte
1192 1547 1353 1585 credunt
1386 1551 1421 1585 et
1450 1547 1570 1596 predi—

158 1610 247 1644 cant
274 1605 437 1644 uerbum
466 1605 635 1644 ueritatis
710 1634 1381 1644 ...........
1438 1619 1496 1655 pg.
1520 1606 1570 1643 42

265 1679 300 1716 5.
330 1678 386 1716 De
415 1678 581 1727 quodam
610 1677 723 1716 iudeo
761 1677 824 1727 qui
853 1677 956 1716 misit
992 1677 1112 1716 filium
1151 1691 1264 1716 suum
1302 1677 1342 1715 in
1371 1678 1565 1716 fornacem

159 1736 257 1787 ignis
287 1749 355 1787 pro
384 1750 429 1775 eo
459 1738 561 1787 quod
581 1737 627 1775 de
656 1736 898 1775 sanctificatis
929 1737 1144 1783 commedit,
1177 1750 1289 1786 quem
1310 1742 1442 1775 sancta
1462 1736 1570 1786 uirgo

158 1795 278 1834 Maria
305 1795 454 1834 illesum
483 1796 649 1835 seruauit
707 1826 1380 1836 ...........
1436 1809 1496 1846 pg.
1519 1797 1569 1834 44

266 1868 302 1905 6.
332 1865 448 1905 Aliud
485 1866 712 1906 miraculum
740 1865 801 1905 ’de
844 1868 1010 1917 quodam
1048 1868 1171 1912 iudeo,
1215 1867 1336 1906 simile
1370 1867 1568 1917 superiori,

160 1927 351 1975 quomodo
381 1931 512 1965 sancta
540 1927 658 1965 Maria
692 1927 879 1965 hebreum
914 1940 1077 1976 puerum
1109 1926 1313 1964 liberauit.
1372 1957 1379 1965 .
1437 1940 1496 1977 pg.
1520 1928 1569 1965 46

270 1998 303 2035 7.
333 1997 388 2036 De
417 1998 585 2046 quodam
614 1998 809 2036 sacerdote
838 2003 874 2036 et
911 1997 991 2036 eius
1021 2010 1139 2035 uxore
1178 1997 1241 2047 qui
1270 2010 1310 2035 se
1348 1996 1451 2048 ipsos
1481 2011 1568 2036 con-

160 2061 358 2095 seruantes
392 2055 558 2106 uirgines
589 2069 711 2106 usque
736 2058 783 2095 ad
803 2062 1038 2095 senectutem
1110 2086 1382 2095 .....
1440 2071 1498 2107 pg.
1520 2058 1569 2096 49

266 2128 301 2165 8.
332 2126 387 2165 De
441 2128 605 2176 quodam
667 2127 784 2166 sterili
835 2127 975 2166 iuuene
1031 2132 1067 2165 et
1117 2127 1163 2165 de
1208 2127 1365 2166 infamia
1419 2127 1568 2166 abbatis

161 2184 329 2224 Danielis
376 2217 1380 2226 ................
1437 2201 1496 2237 pg.
1519 2188 1564 2226 51

268 2259 304 2296 9.
334 2257 388 2295 De
417 2257 528 2295 heato
556 2257 749 2296 Antiocho
776 2258 970 2296 monacho
1041 2288 1379 2296 ......
1436 2271 1486 2308 pg
1519 2259 1568 2296 02

266 2403 378 2438 Rubr.
406 2405 446 2438 in
472 2402 623 2449 librum]
657 2416 713 2440 om
748 2405 816 2438 BT
870 2404 890 2437 2
917 2416 1005 2440 nom.
1036 2403 1146 2450 Mes]
1182 2416 1236 2440 om
1261 2405 1331 2440 BT
1391 2405 1567 2450 quendam

160 2458 400 2493 christianum
417 2459 501 2497 BT;
529 2469 593 2492 om.
612 2462 727 2493 cetera
776 2458 797 2491 3
820 2456 1001 2502 filentulo]
1020 2469 1072 2494 om
1092 2459 1174 2503 BT;
1200 2459 1262 2493 sed
1280 2477 1321 2481 -
1342 2457 1413 2503 est]
1430 2469 1484 2493 om
1501 2459 1573 2492 BT

120 2529 137 2558 Ι
160 2511 184 2544 4
207 2511 264 2546 De
288 2512 438 2555 quodam
465 2511 659 2553 presbitero
683 2512 986 2547 excommunicato
1011 2512 1081 2545 BT
1126 2512 1148 2545 5
1170 2522 1240 2556 pro
1265 2522 1304 2547 eo
1321 2532 1364 2536 —
1382 2510 1568 2556 seruauit]

159 2574 217 2599 om
250 2565 322 2598 BT
378 2564 398 2597 6
432 2564 489 2598 De
523 2564 676 2608 quodam
704 2575 818 2609 puero
852 2576 950 2609 quem
984 2569 1111 2600 sancta
1146 2565 1276 2600 Maria
1308 2565 1476 2600 liberauit
1501 2565 1573 2598 BT

162 2617 180 2651 7
213 2618 276 2660 qui
306 2629 340 2652 se
371 2638 415 2642 —
447 2615 679 2661 senectutem]
716 2628 771 2652 om
808 2618 879 2651 BT
937 2619 959 2652 8
990 2619 1043 2652 De
1074 2618 1226 2663 quodam
1249 2637 1295 2642 —
1321 2616 1371 2662 et]
1409 2629 1464 2652 om
1501 2619 1572 2651 BT
