<?xml version="1.0" encoding="UTF-8"?>
<!DOCTYPE html PUBLIC "-//W3C//DTD XHTML 1.0 Transitional//EN"
    "http://www.w3.org/TR/xhtml1/DTD/xhtml1-transitional.dtd">
<html xmlns="http://www.w3.org/1999/xhtml" xml:lang="en" lang="en">
 <head>
  <title>
</title>
<meta http-equiv="Content-Type" content="text/html;charset=utf-8" />
  <meta name='ocr-system' content='tesseract 3.04.00' />
  <meta name='ocr-capabilities' content='ocr_page ocr_carea ocr_par ocr_line ocrx_word'/>
</head>
<body>
  <div class='ocr_page' id='page_1' title='image "./liberdemiraculis00joanuoft_0155.png"; bbox 0 0 1834 2967; ppageno 0'>
   <div class='ocr_carea' id='block_1_1' title="bbox 15 361 123 395">
    <p class='ocr_par' dir='ltr' id='par_1_1' title="bbox 15 361 123 395">
     <span class='ocr_line' id='line_1_1' title="bbox 15 361 123 395; baseline -0.009 0"><span class='ocrx_word' id='word_1_1' title='bbox 15 361 49 395; x_wconf 88' lang='lat' dir='ltr'>M</span> <span class='ocrx_word' id='word_1_2' title='bbox 57 361 123 395; x_wconf 70' lang='lat' dir='ltr'>34v</span> 
     </span>
    </p>
   </div>
   <div class='ocr_carea' id='block_1_2' title="bbox 701 115 986 152">
    <p class='ocr_par' dir='ltr' id='par_1_2' title="bbox 701 115 986 152">
     <span class='ocr_line' id='line_1_2' title="bbox 701 115 986 152; baseline 0 0"><span class='ocrx_word' id='word_1_3' title='bbox 701 115 986 152; x_wconf 74' lang='lat'>—121—</span> 
     </span>
    </p>
   </div>
   <div class='ocr_carea' id='block_1_3' title="bbox 139 237 808 463">
    <p class='ocr_par' dir='ltr' id='par_1_3' title="bbox 139 237 808 463">
     <span class='ocr_line' id='line_1_3' title="bbox 140 237 804 288; baseline 0.002 -12"><span class='ocrx_word' id='word_1_4' title='bbox 140 239 216 276; x_wconf 83' lang='lat' dir='ltr'>Aut</span> <span class='ocrx_word' id='word_1_5' title='bbox 247 251 321 287; x_wconf 82' lang='lat' dir='ltr'>qua</span> <span class='ocrx_word' id='word_1_6' title='bbox 350 251 464 276; x_wconf 87' lang='lat' dir='ltr'>causa</span> <span class='ocrx_word' id='word_1_7' title='bbox 493 237 621 276; x_wconf 84' lang='lat' dir='ltr'>euenit</span> <span class='ocrx_word' id='word_1_8' title='bbox 657 238 804 288; x_wconf 82' lang='lat' dir='ltr'>ignoro.</span> 
     </span>
     <span class='ocr_line' id='line_1_4' title="bbox 141 296 806 347; baseline 0.002 -13"><span class='ocrx_word' id='word_1_9' title='bbox 141 297 251 335; x_wconf 86' lang='lat' dir='ltr'>Tunc</span> <span class='ocrx_word' id='word_1_10' title='bbox 308 296 434 347; x_wconf 89' lang='lat' dir='ltr'>ipsum</span> <span class='ocrx_word' id='word_1_11' title='bbox 486 297 598 335; x_wconf 90' lang='lat' dir='ltr'>timor</span> <span class='ocrx_word' id='word_1_12' title='bbox 654 297 806 342; x_wconf 83' lang='lat' dir='ltr'>inuasit,</span> 
     </span>
     <span class='ocr_line' id='line_1_5' title="bbox 140 356 808 405; baseline 0 -12"><span class='ocrx_word' id='word_1_13' title='bbox 140 356 339 405; x_wconf 63' lang='lat' dir='ltr'>netgando</span> <span class='ocrx_word' id='word_1_14' title='bbox 369 369 449 393; x_wconf 88' lang='lat' dir='ltr'>rem</span> <span class='ocrx_word' id='word_1_15' title='bbox 474 361 620 405; x_wconf 81' lang='lat' dir='ltr'>gestam</span> <span class='ocrx_word' id='word_1_16' title='bbox 649 356 808 394; x_wconf 90' lang='lat' dir='ltr'>minime</span> 
     </span>
     <span class='ocr_line' id='line_1_6' title="bbox 139 413 805 463; baseline 0 -11"><span class='ocrx_word' id='word_1_17' title='bbox 139 413 276 452; x_wconf 86' lang='lat' dir='ltr'>intulit.</span> <span class='ocrx_word' id='word_1_18' title='bbox 320 414 408 452; x_wconf 84' lang='lat' dir='ltr'>Mox</span> <span class='ocrx_word' id='word_1_19' title='bbox 425 414 513 452; x_wconf 91' lang='lat' dir='ltr'>inde</span> <span class='ocrx_word' id='word_1_20' title='bbox 527 427 624 452; x_wconf 80' lang='lat' dir='ltr'>uxor</span> <span class='ocrx_word' id='word_1_21' title='bbox 652 414 805 463; x_wconf 90' lang='lat' dir='ltr'>quieuit.</span> 
     </span>
    </p>
   </div>
   <div class='ocr_carea' id='block_1_4' title="bbox 137 531 809 995">
    <p class='ocr_par' dir='ltr' id='par_1_4' title="bbox 137 531 809 995">
     <span class='ocr_line' id='line_1_7' title="bbox 192 531 806 570; baseline -0.002 -1"><span class='ocrx_word' id='word_1_22' title='bbox 192 532 304 570; x_wconf 82' lang='lat' dir='ltr'>Mane</span> <span class='ocrx_word' id='word_1_23' title='bbox 345 537 474 570; x_wconf 87' lang='lat' dir='ltr'>autem</span> <span class='ocrx_word' id='word_1_24' title='bbox 517 532 614 569; x_wconf 86' lang='lat' dir='ltr'>facto</span> <span class='ocrx_word' id='word_1_25' title='bbox 660 531 806 569; x_wconf 89' lang='lat' dir='ltr'>inuenti</span> 
     </span>
     <span class='ocr_line' id='line_1_8' title="bbox 138 589 807 640; baseline -0.001 -11"><span class='ocrx_word' id='word_1_26' title='bbox 138 596 228 629; x_wconf 87' lang='lat' dir='ltr'>sunt</span> <span class='ocrx_word' id='word_1_27' title='bbox 271 589 334 640; x_wconf 88' lang='lat' dir='ltr'>qui</span> <span class='ocrx_word' id='word_1_28' title='bbox 369 590 521 628; x_wconf 88' lang='lat' dir='ltr'>haurire</span> <span class='ocrx_word' id='word_1_29' title='bbox 554 603 695 639; x_wconf 82' lang='lat' dir='ltr'>aquam</span> <span class='ocrx_word' id='word_1_30' title='bbox 729 604 807 628; x_wconf 90' lang='lat' dir='ltr'>ma-</span> 
     </span>
     <span class='ocr_line' id='line_1_9' title="bbox 137 649 809 699; baseline 0 -12"><span class='ocrx_word' id='word_1_31' title='bbox 137 650 292 687; x_wconf 88' lang='lat' dir='ltr'>luerunt</span> <span class='ocrx_word' id='word_1_32' title='bbox 308 650 477 688; x_wconf 89' lang='lat' dir='ltr'>eiusdem</span> <span class='ocrx_word' id='word_1_33' title='bbox 499 649 599 699; x_wconf 89' lang='lat' dir='ltr'>putei</span> <span class='ocrx_word' id='word_1_34' title='bbox 616 653 652 686; x_wconf 93' lang='lat' dir='ltr'>et</span> <span class='ocrx_word' id='word_1_35' title='bbox 670 650 809 687; x_wconf 84' lang='lat' dir='ltr'>hausta</span> 
     </span>
     <span class='ocr_line' id='line_1_10' title="bbox 139 707 806 758; baseline -0.001 -11"><span class='ocrx_word' id='word_1_36' title='bbox 139 709 367 758; x_wconf 83' lang='lat' dir='ltr'>sanguinem</span> <span class='ocrx_word' id='word_1_37' title='bbox 396 721 536 758; x_wconf 91' lang='lat' dir='ltr'>purum</span> <span class='ocrx_word' id='word_1_38' title='bbox 561 707 806 746; x_wconf 88' lang='lat' dir='ltr'>inuenerunt.</span> 
     </span>
     <span class='ocr_line' id='line_1_11' title="bbox 139 767 809 816; baseline -0.001 -10"><span class='ocrx_word' id='word_1_39' title='bbox 139 768 213 814; x_wconf 84' lang='lat' dir='ltr'>Qui</span> <span class='ocrx_word' id='word_1_40' title='bbox 241 769 444 805; x_wconf 89' lang='lat' dir='ltr'>redeuntes</span> <span class='ocrx_word' id='word_1_41' title='bbox 483 780 556 816; x_wconf 86' lang='lat' dir='ltr'>que</span> <span class='ocrx_word' id='word_1_42' title='bbox 593 767 809 805; x_wconf 85' lang='lat' dir='ltr'>acciderant</span> 
     </span>
     <span class='ocr_line' id='line_1_12' title="bbox 141 826 809 877; baseline -0.001 -12"><span class='ocrx_word' id='word_1_43' title='bbox 141 826 392 877; x_wconf 85' lang='lat' dir='ltr'>protulerunt,</span> <span class='ocrx_word' id='word_1_44' title='bbox 428 826 554 864; x_wconf 85' lang='lat' dir='ltr'>mirati</span> <span class='ocrx_word' id='word_1_45' title='bbox 588 831 624 864; x_wconf 89' lang='lat' dir='ltr'>et</span> <span class='ocrx_word' id='word_1_46' title='bbox 655 831 809 876; x_wconf 77' lang='lat' dir='ltr'>stupore</span> 
     </span>
     <span class='ocr_line' id='line_1_13' title="bbox 140 885 808 935; baseline -0.001 -11"><span class='ocrx_word' id='word_1_47' title='bbox 140 886 272 924; x_wconf 80' lang='lat' dir='ltr'>attenti</span> <span class='ocrx_word' id='word_1_48' title='bbox 310 898 446 924; x_wconf 90' lang='lat' dir='ltr'>omnes</span> <span class='ocrx_word' id='word_1_49' title='bbox 476 885 808 935; x_wconf 77' lang='lat' dir='ltr'>Constantinopoli</span> 
     </span>
     <span class='ocr_line' id='line_1_14' title="bbox 141 945 334 995; baseline 0 -12"><span class='ocrx_word' id='word_1_50' title='bbox 141 945 334 995; x_wconf 85' lang='lat' dir='ltr'>degentes.</span> 
     </span>
    </p>
   </div>
   <div class='ocr_carea' id='block_1_5' title="bbox 140 1062 812 1822">
    <p class='ocr_par' dir='ltr' id='par_1_5' title="bbox 140 1062 812 1822">
     <span class='ocr_line' id='line_1_15' title="bbox 194 1062 810 1112; baseline -0.002 -11"><span class='ocrx_word' id='word_1_51' title='bbox 194 1063 389 1101; x_wconf 86' lang='lat' dir='ltr'>Prefectus</span> <span class='ocrx_word' id='word_1_52' title='bbox 403 1063 509 1100; x_wconf 89' lang='lat' dir='ltr'>urbis</span> <span class='ocrx_word' id='word_1_53' title='bbox 525 1062 643 1112; x_wconf 85' lang='lat' dir='ltr'>ipsius</span> <span class='ocrx_word' id='word_1_54' title='bbox 657 1064 810 1100; x_wconf 87' lang='lat' dir='ltr'>tandem</span> 
     </span>
     <span class='ocr_line' id='line_1_16' title="bbox 140 1121 811 1160; baseline -0.001 0"><span class='ocrx_word' id='word_1_55' title='bbox 140 1121 297 1160; x_wconf 88' lang='lat' dir='ltr'>consilio</span> <span class='ocrx_word' id='word_1_56' title='bbox 325 1121 455 1160; x_wconf 88' lang='lat' dir='ltr'>habito</span> <span class='ocrx_word' id='word_1_57' title='bbox 474 1121 581 1160; x_wconf 90' lang='lat' dir='ltr'>iussit</span> <span class='ocrx_word' id='word_1_58' title='bbox 602 1135 648 1159; x_wconf 82' lang='lat' dir='ltr'>ex</span> <span class='ocrx_word' id='word_1_59' title='bbox 676 1123 811 1160; x_wconf 88' lang='lat' dir='ltr'>eodem</span> 
     </span>
     <span class='ocr_line' id='line_1_17' title="bbox 140 1180 811 1231; baseline 0.001 -13"><span class='ocrx_word' id='word_1_60' title='bbox 140 1185 254 1231; x_wconf 81' lang='lat' dir='ltr'>puteo</span> <span class='ocrx_word' id='word_1_61' title='bbox 283 1186 403 1219; x_wconf 87' lang='lat' dir='ltr'>totam</span> <span class='ocrx_word' id='word_1_62' title='bbox 423 1194 563 1230; x_wconf 81' lang='lat' dir='ltr'>aquam</span> <span class='ocrx_word' id='word_1_63' title='bbox 583 1180 693 1219; x_wconf 86' lang='lat' dir='ltr'>trahi.</span> <span class='ocrx_word' id='word_1_64' title='bbox 737 1180 811 1227; x_wconf 85' lang='lat' dir='ltr'>Qui</span> 
     </span>
     <span class='ocr_line' id='line_1_18' title="bbox 141 1240 810 1290; baseline -0.001 -12"><span class='ocrx_word' id='word_1_65' title='bbox 141 1253 233 1278; x_wconf 78' lang='lat' dir='ltr'>mox</span> <span class='ocrx_word' id='word_1_66' title='bbox 262 1240 495 1278; x_wconf 82' lang='lat' dir='ltr'>inuenerunt</span> <span class='ocrx_word' id='word_1_67' title='bbox 530 1240 653 1290; x_wconf 83' lang='lat' dir='ltr'>ipsam</span> <span class='ocrx_word' id='word_1_68' title='bbox 682 1240 810 1288; x_wconf 82' lang='lat' dir='ltr'>imagi-</span> 
     </span>
     <span class='ocr_line' id='line_1_19' title="bbox 143 1299 811 1350; baseline 0 -13"><span class='ocrx_word' id='word_1_69' title='bbox 143 1312 230 1337; x_wconf 88' lang='lat' dir='ltr'>nem</span> <span class='ocrx_word' id='word_1_70' title='bbox 263 1312 378 1348; x_wconf 83' lang='lat' dir='ltr'>quam</span> <span class='ocrx_word' id='word_1_71' title='bbox 407 1299 648 1350; x_wconf 83' lang='lat' dir='ltr'>supradictus</span> <span class='ocrx_word' id='word_1_72' title='bbox 676 1299 811 1337; x_wconf 85' lang='lat' dir='ltr'>iudeus</span> 
     </span>
     <span class='ocr_line' id='line_1_20' title="bbox 141 1357 811 1408; baseline 0 -12"><span class='ocrx_word' id='word_1_73' title='bbox 141 1358 180 1396; x_wconf 89' lang='lat' dir='ltr'>in</span> <span class='ocrx_word' id='word_1_74' title='bbox 209 1358 291 1408; x_wconf 91' lang='lat' dir='ltr'>ipso</span> <span class='ocrx_word' id='word_1_75' title='bbox 327 1363 442 1408; x_wconf 91' lang='lat' dir='ltr'>puteo</span> <span class='ocrx_word' id='word_1_76' title='bbox 476 1357 695 1408; x_wconf 85' lang='lat' dir='ltr'>proiecerat,</span> <span class='ocrx_word' id='word_1_77' title='bbox 739 1371 811 1407; x_wconf 83' lang='lat' dir='ltr'>que</span> 
     </span>
     <span class='ocr_line' id='line_1_21' title="bbox 141 1417 811 1466; baseline 0 -11"><span class='ocrx_word' id='word_1_78' title='bbox 141 1417 267 1456; x_wconf 91' lang='lat' dir='ltr'>adhuc</span> <span class='ocrx_word' id='word_1_79' title='bbox 325 1417 439 1455; x_wconf 89' lang='lat' dir='ltr'>etiam</span> <span class='ocrx_word' id='word_1_80' title='bbox 499 1417 685 1466; x_wconf 86' lang='lat' dir='ltr'>sanguine</span> <span class='ocrx_word' id='word_1_81' title='bbox 743 1417 811 1455; x_wconf 90' lang='lat' dir='ltr'>im-</span> 
     </span>
     <span class='ocr_line' id='line_1_22' title="bbox 141 1476 812 1526; baseline 0 -12"><span class='ocrx_word' id='word_1_82' title='bbox 141 1476 310 1515; x_wconf 87' lang='lat' dir='ltr'>minente</span> <span class='ocrx_word' id='word_1_83' title='bbox 338 1476 376 1514; x_wconf 88' lang='lat' dir='ltr'>in</span> <span class='ocrx_word' id='word_1_84' title='bbox 415 1476 497 1526; x_wconf 85' lang='lat' dir='ltr'>ipsa</span> <span class='ocrx_word' id='word_1_85' title='bbox 538 1477 708 1515; x_wconf 82' lang='lat' dir='ltr'>cicatrice</span> <span class='ocrx_word' id='word_1_86' title='bbox 747 1490 812 1526; x_wconf 88' lang='lat' dir='ltr'>ap-</span> 
     </span>
     <span class='ocr_line' id='line_1_23' title="bbox 141 1535 810 1585; baseline 0 -11"><span class='ocrx_word' id='word_1_87' title='bbox 141 1541 328 1585; x_wconf 84' lang='lat' dir='ltr'>paruerat.</span> <span class='ocrx_word' id='word_1_88' title='bbox 384 1536 445 1574; x_wconf 81' lang='lat' dir='ltr'>Ad</span> <span class='ocrx_word' id='word_1_89' title='bbox 473 1535 544 1574; x_wconf 93' lang='lat' dir='ltr'>hec</span> <span class='ocrx_word' id='word_1_90' title='bbox 573 1542 701 1574; x_wconf 87' lang='lat' dir='ltr'>autem</span> <span class='ocrx_word' id='word_1_91' title='bbox 729 1549 810 1585; x_wconf 89' lang='lat' dir='ltr'>pre-</span> 
     </span>
     <span class='ocr_line' id='line_1_24' title="bbox 140 1594 812 1634; baseline 0 -1"><span class='ocrx_word' id='word_1_92' title='bbox 140 1594 260 1633; x_wconf 86' lang='lat' dir='ltr'>fectus</span> <span class='ocrx_word' id='word_1_93' title='bbox 304 1595 455 1633; x_wconf 88' lang='lat' dir='ltr'>hisdem</span> <span class='ocrx_word' id='word_1_94' title='bbox 496 1607 585 1633; x_wconf 89' lang='lat' dir='ltr'>cum</span> <span class='ocrx_word' id='word_1_95' title='bbox 640 1601 812 1634; x_wconf 85' lang='lat' dir='ltr'>cerneret</span> 
     </span>
     <span class='ocr_line' id='line_1_25' title="bbox 141 1653 810 1704; baseline 0 -12"><span class='ocrx_word' id='word_1_96' title='bbox 141 1655 242 1703; x_wconf 85' lang='lat' dir='ltr'>quod</span> <span class='ocrx_word' id='word_1_97' title='bbox 272 1660 308 1692; x_wconf 86' lang='lat' dir='ltr'>et</span> <span class='ocrx_word' id='word_1_98' title='bbox 336 1653 463 1704; x_wconf 86' lang='lat' dir='ltr'>ipsum</span> <span class='ocrx_word' id='word_1_99' title='bbox 500 1654 642 1692; x_wconf 88' lang='lat' dir='ltr'>uulnus</span> <span class='ocrx_word' id='word_1_100' title='bbox 680 1667 810 1704; x_wconf 87' lang='lat' dir='ltr'>percu-</span> 
     </span>
     <span class='ocr_line' id='line_1_26' title="bbox 142 1712 810 1763; baseline 0 -12"><span class='ocrx_word' id='word_1_101' title='bbox 142 1713 270 1752; x_wconf 82' lang='lat' dir='ltr'>tientis</span> <span class='ocrx_word' id='word_1_102' title='bbox 318 1712 545 1763; x_wconf 83' lang='lat' dir='ltr'>sanguinem</span> <span class='ocrx_word' id='word_1_103' title='bbox 602 1719 810 1759; x_wconf 83' lang='lat' dir='ltr'>emanaret,</span> 
     </span>
     <span class='ocr_line' id='line_1_27' title="bbox 142 1772 811 1822; baseline 0 -12"><span class='ocrx_word' id='word_1_104' title='bbox 142 1772 308 1822; x_wconf 87' lang='lat' dir='ltr'>precepit</span> <span class='ocrx_word' id='word_1_105' title='bbox 343 1772 488 1811; x_wconf 88' lang='lat' dir='ltr'>deferre</span> <span class='ocrx_word' id='word_1_106' title='bbox 526 1778 615 1810; x_wconf 91' lang='lat' dir='ltr'>ante</span> <span class='ocrx_word' id='word_1_107' title='bbox 651 1772 811 1822; x_wconf 85' lang='lat' dir='ltr'>impera-</span> 
     </span>
    </p>
   </div>
   <div class='ocr_carea' id='block_1_6' title="bbox 878 237 1671 1822">
    <p class='ocr_par' dir='ltr' id='par_1_6' title="bbox 878 237 1629 512">
     <span class='ocr_line' id='line_1_28' title="bbox 880 237 1549 288; baseline -0.001 -12"><span class='ocrx_word' id='word_1_108' title='bbox 880 238 1017 277; x_wconf 88' lang='lat' dir='ltr'>cidium</span> <span class='ocrx_word' id='word_1_109' title='bbox 1049 238 1298 288; x_wconf 81' lang='lat' dir='ltr'>perpetrasti?</span> <span class='ocrx_word' id='word_1_110' title='bbox 1344 237 1421 276; x_wconf 91' lang='lat' dir='ltr'>Aut</span> <span class='ocrx_word' id='word_1_111' title='bbox 1447 238 1549 275; x_wconf 87' lang='lat' dir='ltr'>unde</span> 
     </span>
     <span class='ocr_line' id='line_1_29' title="bbox 878 295 1549 346; baseline -0.003 -11"><span class='ocrx_word' id='word_1_112' title='bbox 878 297 947 335; x_wconf 89' lang='lat' dir='ltr'>tibi</span> <span class='ocrx_word' id='word_1_113' title='bbox 984 297 1141 346; x_wconf 80' lang='lat' dir='ltr'>sanguis</span> <span class='ocrx_word' id='word_1_114' title='bbox 1182 296 1348 346; x_wconf 89' lang='lat' dir='ltr'>perfusio</span> <span class='ocrx_word' id='word_1_115' title='bbox 1391 295 1549 334; x_wconf 80' lang='lat' dir='ltr'>accidit?</span> 
     </span>
     <span class='ocr_line' id='line_1_30' title="bbox 879 355 1549 405; baseline -0.003 -11"><span class='ocrx_word' id='word_1_116' title='bbox 879 356 990 394; x_wconf 91' lang='lat' dir='ltr'>Tunc</span> <span class='ocrx_word' id='word_1_117' title='bbox 1026 355 1150 405; x_wconf 87' lang='lat' dir='ltr'>ipsum</span> <span class='ocrx_word' id='word_1_118' title='bbox 1192 355 1306 394; x_wconf 89' lang='lat' dir='ltr'>timor</span> <span class='ocrx_word' id='word_1_119' title='bbox 1343 355 1485 393; x_wconf 87' lang='lat' dir='ltr'>inuasit</span> <span class='ocrx_word' id='word_1_120' title='bbox 1513 360 1549 393; x_wconf 87' lang='lat' dir='ltr'>et</span> 
     </span>
     <span class='ocr_line' id='line_1_31' title="bbox 880 413 1549 464; baseline -0.001 -12"><span class='ocrx_word' id='word_1_121' title='bbox 880 415 1056 464; x_wconf 87' lang='lat' dir='ltr'>negando</span> <span class='ocrx_word' id='word_1_122' title='bbox 1094 428 1176 453; x_wconf 91' lang='lat' dir='ltr'>rem</span> <span class='ocrx_word' id='word_1_123' title='bbox 1210 420 1357 464; x_wconf 81' lang='lat' dir='ltr'>gestam</span> <span class='ocrx_word' id='word_1_124' title='bbox 1392 413 1549 452; x_wconf 87' lang='lat' dir='ltr'>minime</span> 
     </span>
     <span class='ocr_line' id='line_1_32' title="bbox 879 473 1629 512; baseline -0.001 -1"><span class='ocrx_word' id='word_1_125' title='bbox 879 473 1071 512; x_wconf 85' lang='lat' dir='ltr'>indicauit.</span> <span class='ocrx_word' id='word_1_126' title='bbox 1605 474 1629 510; x_wconf 83' lang='lat'>5</span> 
     </span>
    </p>

    <p class='ocr_par' dir='ltr' id='par_1_7' title="bbox 880 530 1632 1054">
     <span class='ocr_line' id='line_1_33' title="bbox 932 530 1551 570; baseline -0.002 0"><span class='ocrx_word' id='word_1_127' title='bbox 932 533 1046 570; x_wconf 89' lang='lat' dir='ltr'>Mane</span> <span class='ocrx_word' id='word_1_128' title='bbox 1100 537 1230 570; x_wconf 89' lang='lat' dir='ltr'>autem</span> <span class='ocrx_word' id='word_1_129' title='bbox 1284 532 1382 569; x_wconf 86' lang='lat' dir='ltr'>facto</span> <span class='ocrx_word' id='word_1_130' title='bbox 1435 530 1551 569; x_wconf 89' lang='lat' dir='ltr'>uicini</span> 
     </span>
     <span class='ocr_line' id='line_1_34' title="bbox 881 590 1550 638; baseline -0.003 -9"><span class='ocrx_word' id='word_1_131' title='bbox 881 596 1072 629; x_wconf 89' lang='lat' dir='ltr'>uenerunt</span> <span class='ocrx_word' id='word_1_132' title='bbox 1113 591 1269 629; x_wconf 89' lang='lat' dir='ltr'>haurire</span> <span class='ocrx_word' id='word_1_133' title='bbox 1325 603 1464 638; x_wconf 75' lang='lat' dir='ltr'>aquam</span> <span class='ocrx_word' id='word_1_134' title='bbox 1511 590 1550 628; x_wconf 90' lang='lat' dir='ltr'>in</span> 
     </span>
     <span class='ocr_line' id='line_1_35' title="bbox 881 649 1552 699; baseline -0.003 -11"><span class='ocrx_word' id='word_1_135' title='bbox 881 650 1016 688; x_wconf 87' lang='lat' dir='ltr'>eodem</span> <span class='ocrx_word' id='word_1_136' title='bbox 1058 655 1184 699; x_wconf 86' lang='lat' dir='ltr'>puteo.</span> <span class='ocrx_word' id='word_1_137' title='bbox 1255 649 1330 686; x_wconf 86' lang='lat' dir='ltr'>Sed</span> <span class='ocrx_word' id='word_1_138' title='bbox 1371 649 1552 687; x_wconf 80' lang='lat' dir='ltr'>haustam</span> 
     </span>
     <span class='ocr_line' id='line_1_36' title="bbox 881 708 1550 758; baseline 0 -12"><span class='ocrx_word' id='word_1_139' title='bbox 881 708 1111 758; x_wconf 82' lang='lat' dir='ltr'>sanguinem</span> <span class='ocrx_word' id='word_1_140' title='bbox 1124 708 1162 746; x_wconf 90' lang='lat' dir='ltr'>in</span> <span class='ocrx_word' id='word_1_141' title='bbox 1178 713 1292 758; x_wconf 90' lang='lat' dir='ltr'>puteo</span> <span class='ocrx_word' id='word_1_142' title='bbox 1306 708 1550 746; x_wconf 88' lang='lat' dir='ltr'>inuenerunt.</span> 
     </span>
     <span class='ocr_line' id='line_1_37' title="bbox 880 766 1632 816; baseline -0.003 -10"><span class='ocrx_word' id='word_1_143' title='bbox 880 768 1102 806; x_wconf 88' lang='lat' dir='ltr'>Redeuntes</span> <span class='ocrx_word' id='word_1_144' title='bbox 1130 766 1259 805; x_wconf 87' lang='lat' dir='ltr'>mirari</span> <span class='ocrx_word' id='word_1_145' title='bbox 1298 772 1480 816; x_wconf 80' lang='lat' dir='ltr'>ceperunt</span> <span class='ocrx_word' id='word_1_146' title='bbox 1515 772 1549 805; x_wconf 90' lang='lat' dir='ltr'>et</span> <span class='ocrx_word' id='word_1_147' title='bbox 1584 768 1632 805; x_wconf 94' lang='lat'>10</span> 
     </span>
     <span class='ocr_line' id='line_1_38' title="bbox 882 826 1553 876; baseline -0.003 -11"><span class='ocrx_word' id='word_1_148' title='bbox 882 840 956 876; x_wconf 81' lang='lat' dir='ltr'>que</span> <span class='ocrx_word' id='word_1_149' title='bbox 984 826 1201 865; x_wconf 86' lang='lat' dir='ltr'>acciderant</span> <span class='ocrx_word' id='word_1_150' title='bbox 1228 826 1451 864; x_wconf 88' lang='lat' dir='ltr'>retulerunt.</span> <span class='ocrx_word' id='word_1_151' title='bbox 1508 826 1553 863; x_wconf 88' lang='lat' dir='ltr'>Et</span> 
     </span>
     <span class='ocr_line' id='line_1_39' title="bbox 883 884 1552 935; baseline -0.003 -11"><span class='ocrx_word' id='word_1_152' title='bbox 883 886 1067 924; x_wconf 90' lang='lat' dir='ltr'>attonitus</span> <span class='ocrx_word' id='word_1_153' title='bbox 1119 890 1175 924; x_wconf 89' lang='lat' dir='ltr'>est</span> <span class='ocrx_word' id='word_1_154' title='bbox 1224 891 1379 935; x_wconf 83' lang='lat' dir='ltr'>stupore</span> <span class='ocrx_word' id='word_1_155' title='bbox 1427 884 1552 922; x_wconf 87' lang='lat' dir='ltr'>omnis</span> 
     </span>
     <span class='ocr_line' id='line_1_40' title="bbox 883 943 1553 995; baseline -0.003 -11"><span class='ocrx_word' id='word_1_156' title='bbox 883 944 1306 995; x_wconf 85' lang='lat' dir='ltr'>Constantinopolitane</span> <span class='ocrx_word' id='word_1_157' title='bbox 1318 943 1479 982; x_wconf 78' lang='lat' dir='ltr'>ciuitatis</span> <span class='ocrx_word' id='word_1_158' title='bbox 1491 957 1553 994; x_wconf 90' lang='lat' dir='ltr'>po-</span> 
     </span>
     <span class='ocr_line' id='line_1_41' title="bbox 883 1005 1006 1054; baseline 0.008 -12"><span class='ocrx_word' id='word_1_159' title='bbox 883 1005 1006 1054; x_wconf 83' lang='lat' dir='ltr'>pulus.</span> 
     </span>
    </p>

    <p class='ocr_par' dir='ltr' id='par_1_8' title="bbox 883 1062 1671 1822">
     <span class='ocr_line' id='line_1_42' title="bbox 936 1062 1633 1101; baseline -0.003 0"><span class='ocrx_word' id='word_1_160' title='bbox 936 1063 1131 1101; x_wconf 87' lang='lat' dir='ltr'>Prefectus</span> <span class='ocrx_word' id='word_1_161' title='bbox 1153 1075 1245 1100; x_wconf 90' lang='lat' dir='ltr'>uero</span> <span class='ocrx_word' id='word_1_162' title='bbox 1265 1062 1371 1100; x_wconf 89' lang='lat' dir='ltr'>urbis</span> <span class='ocrx_word' id='word_1_163' title='bbox 1398 1063 1551 1100; x_wconf 87' lang='lat' dir='ltr'>tandem</span> <span class='ocrx_word' id='word_1_164' title='bbox 1586 1062 1633 1099; x_wconf 81' lang='lat'>15</span> 
     </span>
     <span class='ocr_line' id='line_1_43' title="bbox 884 1121 1555 1171; baseline -0.004 -10"><span class='ocrx_word' id='word_1_165' title='bbox 884 1122 1042 1161; x_wconf 89' lang='lat' dir='ltr'>consilio</span> <span class='ocrx_word' id='word_1_166' title='bbox 1088 1121 1232 1168; x_wconf 86' lang='lat' dir='ltr'>habito,</span> <span class='ocrx_word' id='word_1_167' title='bbox 1288 1121 1398 1160; x_wconf 87' lang='lat' dir='ltr'>iussit</span> <span class='ocrx_word' id='word_1_168' title='bbox 1452 1121 1555 1171; x_wconf 88' lang='lat' dir='ltr'>putei</span> 
     </span>
     <span class='ocr_line' id='line_1_44' title="bbox 884 1180 1554 1230; baseline -0.004 -10"><span class='ocrx_word' id='word_1_169' title='bbox 884 1187 1005 1220; x_wconf 87' lang='lat' dir='ltr'>totam</span> <span class='ocrx_word' id='word_1_170' title='bbox 1035 1194 1174 1230; x_wconf 83' lang='lat' dir='ltr'>aquam</span> <span class='ocrx_word' id='word_1_171' title='bbox 1203 1181 1304 1219; x_wconf 90' lang='lat' dir='ltr'>foras</span> <span class='ocrx_word' id='word_1_172' title='bbox 1334 1180 1444 1220; x_wconf 86' lang='lat' dir='ltr'>trahi.</span> <span class='ocrx_word' id='word_1_173' title='bbox 1484 1180 1554 1217; x_wconf 81' lang='lat' dir='ltr'>Ex-</span> 
     </span>
     <span class='ocr_line' id='line_1_45' title="bbox 884 1239 1554 1288; baseline -0.003 -9"><span class='ocrx_word' id='word_1_174' title='bbox 884 1241 1080 1279; x_wconf 86' lang='lat' dir='ltr'>trahentes</span> <span class='ocrx_word' id='word_1_175' title='bbox 1109 1253 1201 1278; x_wconf 89' lang='lat' dir='ltr'>uero</span> <span class='ocrx_word' id='word_1_176' title='bbox 1230 1253 1370 1288; x_wconf 83' lang='lat' dir='ltr'>aquam</span> <span class='ocrx_word' id='word_1_177' title='bbox 1398 1239 1554 1277; x_wconf 88' lang='lat' dir='ltr'>inuene-</span> 
     </span>
     <span class='ocr_line' id='line_1_46' title="bbox 883 1298 1555 1348; baseline -0.003 -10"><span class='ocrx_word' id='word_1_178' title='bbox 883 1305 974 1338; x_wconf 89' lang='lat' dir='ltr'>runt</span> <span class='ocrx_word' id='word_1_179' title='bbox 1015 1299 1138 1348; x_wconf 89' lang='lat' dir='ltr'>ipsam</span> <span class='ocrx_word' id='word_1_180' title='bbox 1185 1298 1392 1348; x_wconf 87' lang='lat' dir='ltr'>imaginem</span> <span class='ocrx_word' id='word_1_181' title='bbox 1440 1312 1555 1348; x_wconf 80' lang='lat' dir='ltr'>quam</span> 
     </span>
     <span class='ocr_line' id='line_1_47' title="bbox 884 1357 1635 1408; baseline -0.004 -11"><span class='ocrx_word' id='word_1_182' title='bbox 884 1358 1124 1408; x_wconf 85' lang='lat' dir='ltr'>supradictus</span> <span class='ocrx_word' id='word_1_183' title='bbox 1151 1358 1286 1396; x_wconf 89' lang='lat' dir='ltr'>iudeus</span> <span class='ocrx_word' id='word_1_184' title='bbox 1322 1358 1360 1395; x_wconf 92' lang='lat' dir='ltr'>in</span> <span class='ocrx_word' id='word_1_185' title='bbox 1397 1371 1442 1396; x_wconf 94' lang='lat' dir='ltr'>eo</span> <span class='ocrx_word' id='word_1_186' title='bbox 1471 1371 1554 1407; x_wconf 90' lang='lat' dir='ltr'>pro·</span> <span class='ocrx_word' id='word_1_187' title='bbox 1583 1357 1635 1394; x_wconf 72' lang='lat'>20</span> 
     </span>
     <span class='ocr_line' id='line_1_48' title="bbox 883 1418 1555 1467; baseline -0.001 -11"><span class='ocrx_word' id='word_1_188' title='bbox 883 1418 1031 1457; x_wconf 87' lang='lat' dir='ltr'>iecerat.</span> <span class='ocrx_word' id='word_1_189' title='bbox 1088 1418 1144 1456; x_wconf 82' lang='lat' dir='ltr'>Ex</span> <span class='ocrx_word' id='word_1_190' title='bbox 1175 1431 1249 1467; x_wconf 84' lang='lat' dir='ltr'>qua</span> <span class='ocrx_word' id='word_1_191' title='bbox 1278 1419 1456 1456; x_wconf 87' lang='lat' dir='ltr'>effluente</span> <span class='ocrx_word' id='word_1_192' title='bbox 1491 1418 1555 1455; x_wconf 89' lang='lat' dir='ltr'>ad-</span> 
     </span>
     <span class='ocr_line' id='line_1_49' title="bbox 883 1476 1554 1527; baseline -0.003 -11"><span class='ocrx_word' id='word_1_193' title='bbox 883 1478 960 1516; x_wconf 89' lang='lat' dir='ltr'>huc</span> <span class='ocrx_word' id='word_1_194' title='bbox 995 1477 1183 1527; x_wconf 80' lang='lat' dir='ltr'>sanguine</span> <span class='ocrx_word' id='word_1_195' title='bbox 1220 1477 1259 1514; x_wconf 89' lang='lat' dir='ltr'>in</span> <span class='ocrx_word' id='word_1_196' title='bbox 1301 1477 1425 1527; x_wconf 86' lang='lat' dir='ltr'>ipsam</span> <span class='ocrx_word' id='word_1_197' title='bbox 1464 1476 1554 1514; x_wconf 87' lang='lat' dir='ltr'>ima-</span> 
     </span>
     <span class='ocr_line' id='line_1_50' title="bbox 883 1535 1671 1587; baseline -0.001 -12"><span class='ocrx_word' id='word_1_198' title='bbox 883 1537 1036 1587; x_wconf 81' lang='lat' dir='ltr'>ginem</span> <span class='ocrx_word' id='word_1_199' title='bbox 1064 1536 1217 1575; x_wconf 78' lang='lat' dir='ltr'>cicatrix</span> <span class='ocrx_word' id='word_1_200' title='bbox 1238 1535 1422 1586; x_wconf 81' lang='lat' dir='ltr'>apparuit.</span> <span class='ocrx_word' id='word_1_201' title='bbox 1467 1535 1554 1574; x_wconf 85' lang='lat' dir='ltr'>Cer·</span> <span class='ocrx_word' id='word_1_202' title='bbox 1580 1539 1609 1574; x_wconf 93' lang='lat' dir='ltr'>O</span> <span class='ocrx_word' id='word_1_203' title='bbox 1625 1540 1671 1574; x_wconf 73' lang='lat'>62</span> 
     </span>
     <span class='ocr_line' id='line_1_51' title="bbox 884 1593 1556 1645; baseline -0.004 -11"><span class='ocrx_word' id='word_1_204' title='bbox 884 1608 1059 1645; x_wconf 85' lang='lat' dir='ltr'>nensque</span> <span class='ocrx_word' id='word_1_205' title='bbox 1114 1596 1301 1645; x_wconf 88' lang='lat' dir='ltr'>prefectus</span> <span class='ocrx_word' id='word_1_206' title='bbox 1367 1593 1556 1632; x_wconf 78' lang='lat' dir='ltr'>exercenti</span> 
     </span>
     <span class='ocr_line' id='line_1_52' title="bbox 883 1653 1634 1704; baseline -0.003 -11"><span class='ocrx_word' id='word_1_207' title='bbox 883 1655 1043 1693; x_wconf 88' lang='lat' dir='ltr'>uulnere</span> <span class='ocrx_word' id='word_1_208' title='bbox 1055 1655 1283 1704; x_wconf 83' lang='lat' dir='ltr'>sanguinem</span> <span class='ocrx_word' id='word_1_209' title='bbox 1295 1659 1554 1699; x_wconf 82' lang='lat' dir='ltr'>emanantem,</span> <span class='ocrx_word' id='word_1_210' title='bbox 1585 1653 1634 1690; x_wconf 71' lang='lat'>25</span> 
     </span>
     <span class='ocr_line' id='line_1_53' title="bbox 884 1713 1556 1764; baseline -0.003 -12"><span class='ocrx_word' id='word_1_211' title='bbox 884 1715 1050 1764; x_wconf 84' lang='lat' dir='ltr'>precepit</span> <span class='ocrx_word' id='word_1_212' title='bbox 1091 1713 1227 1751; x_wconf 87' lang='lat' dir='ltr'>deferri</span> <span class='ocrx_word' id='word_1_213' title='bbox 1267 1718 1356 1751; x_wconf 83' lang='lat' dir='ltr'>ante</span> <span class='ocrx_word' id='word_1_214' title='bbox 1404 1725 1556 1762; x_wconf 88' lang='lat' dir='ltr'>presen-</span> 
     </span>
     <span class='ocr_line' id='line_1_54' title="bbox 884 1771 1555 1822; baseline -0.003 -11"><span class='ocrx_word' id='word_1_215' title='bbox 884 1772 976 1811; x_wconf 86' lang='lat' dir='ltr'>tiam</span> <span class='ocrx_word' id='word_1_216' title='bbox 1014 1772 1264 1822; x_wconf 84' lang='lat' dir='ltr'>imperatoris.</span> <span class='ocrx_word' id='word_1_217' title='bbox 1322 1772 1446 1819; x_wconf 90' lang='lat' dir='ltr'>Quam</span> <span class='ocrx_word' id='word_1_218' title='bbox 1488 1771 1555 1809; x_wconf 92' lang='lat' dir='ltr'>im-</span> 
     </span>
    </p>
   </div>
   <div class='ocr_carea' id='block_1_7' title="bbox 142 1912 1558 2063">
    <p class='ocr_par' dir='ltr' id='par_1_9' title="bbox 142 1912 1558 2063">
     <span class='ocr_line' id='line_1_55' title="bbox 252 1912 1558 1957; baseline -0.001 -10"><span class='ocrx_word' id='word_1_219' title='bbox 252 1915 267 1947; x_wconf 94' lang='lat'>1</span> <span class='ocrx_word' id='word_1_220' title='bbox 296 1914 376 1957; x_wconf 87' lang='lat' dir='ltr'>qua]</span> <span class='ocrx_word' id='word_1_221' title='bbox 401 1916 437 1953; x_wconf 64' lang='lat' dir='ltr'>-t-</span> <span class='ocrx_word' id='word_1_222' title='bbox 461 1924 504 1947; x_wconf 84' lang='lat' dir='ltr'>ex</span> <span class='ocrx_word' id='word_1_223' title='bbox 529 1912 640 1949; x_wconf 77' lang='grc' dir='ltr'>ΛΟΜ</span> <span class='ocrx_word' id='word_1_224' title='bbox 689 1914 808 1956; x_wconf 75' lang='lat' dir='ltr'>causa]</span> <span class='ocrx_word' id='word_1_225' title='bbox 836 1916 875 1955; x_wconf 79' lang='grc' dir='ltr'>-Ι-</span> <span class='ocrx_word' id='word_1_226' title='bbox 905 1914 973 1947; x_wconf 85' lang='lat' dir='ltr'>hoc·</span> <span class='ocrx_word' id='word_1_227' title='bbox 1000 1914 1081 1947; x_wconf 87' lang='lat' dir='ltr'>MV</span> <span class='ocrx_word' id='word_1_228' title='bbox 1099 1917 1136 1953; x_wconf 78' lang='grc' dir='ltr'>-Ι-</span> <span class='ocrx_word' id='word_1_229' title='bbox 1157 1913 1224 1946; x_wconf 86' lang='lat' dir='ltr'>hoc</span> <span class='ocrx_word' id='word_1_230' title='bbox 1251 1912 1315 1946; x_wconf 87' lang='lat' dir='ltr'>tibi</span> <span class='ocrx_word' id='word_1_231' title='bbox 1334 1913 1369 1948; x_wconf 99' lang='lat' dir='ltr'><strong><em>A</em></strong></span> <span class='ocrx_word' id='word_1_232' title='bbox 1418 1912 1558 1956; x_wconf 85' lang='lat' dir='ltr'>ignoro]</span> 
     </span>
     <span class='ocr_line' id='line_1_56' title="bbox 142 1964 1557 2010; baseline -0.002 -8"><span class='ocrx_word' id='word_1_233' title='bbox 142 1978 196 2002; x_wconf 86' lang='lat' dir='ltr'>om</span> <span class='ocrx_word' id='word_1_234' title='bbox 224 1966 300 2002; x_wconf 82' lang='lat' dir='ltr'>CM</span> <span class='ocrx_word' id='word_1_235' title='bbox 345 1967 366 2000; x_wconf 74' lang='lat'><strong>2</strong></span> <span class='ocrx_word' id='word_1_236' title='bbox 392 1966 522 2010; x_wconf 84' lang='lat' dir='ltr'>ipsum]</span> <span class='ocrx_word' id='word_1_237' title='bbox 547 1966 747 2010; x_wconf 89' lang='lat' dir='ltr'>predictum</span> <span class='ocrx_word' id='word_1_238' title='bbox 772 1966 918 2001; x_wconf 88' lang='lat' dir='ltr'>iudeum</span> <span class='ocrx_word' id='word_1_239' title='bbox 946 1968 980 2001; x_wconf 93' lang='lat' dir='ltr'><strong><em>A</em></strong></span> <span class='ocrx_word' id='word_1_240' title='bbox 1045 1965 1189 2009; x_wconf 86' lang='lat' dir='ltr'>inuasit]</span> <span class='ocrx_word' id='word_1_241' title='bbox 1215 1968 1254 2007; x_wconf 77' lang='grc' dir='ltr'>-Ι-</span> <span class='ocrx_word' id='word_1_242' title='bbox 1285 1969 1320 2000; x_wconf 91' lang='lat' dir='ltr'>et</span> <span class='ocrx_word' id='word_1_243' title='bbox 1347 1964 1377 2000; x_wconf 87' lang='lat' dir='ltr'>C&#39;</span> <span class='ocrx_word' id='word_1_244' title='bbox 1423 1966 1444 1999; x_wconf 89' lang='lat'><strong>3</strong></span> <span class='ocrx_word' id='word_1_245' title='bbox 1470 1966 1557 2000; x_wconf 90' lang='lat' dir='ltr'>min.</span> 
     </span>
     <span class='ocr_line' id='line_1_57' title="bbox 143 2018 1556 2063; baseline -0.001 -10"><span class='ocrx_word' id='word_1_246' title='bbox 143 2019 220 2063; x_wconf 87' lang='lat' dir='ltr'>int.]</span> <span class='ocrx_word' id='word_1_247' title='bbox 238 2030 292 2054; x_wconf 89' lang='lat' dir='ltr'>om</span> <span class='ocrx_word' id='word_1_248' title='bbox 314 2019 390 2054; x_wconf 82' lang='lat' dir='ltr'>CM</span> <span class='ocrx_word' id='word_1_249' title='bbox 440 2020 464 2053; x_wconf 85' lang='lat'>4</span> <span class='ocrx_word' id='word_1_250' title='bbox 489 2030 572 2054; x_wconf 80' lang='lat' dir='ltr'>mox</span> <span class='ocrx_word' id='word_1_251' title='bbox 592 2039 625 2044; x_wconf 93' lang='lat'>—</span> <span class='ocrx_word' id='word_1_252' title='bbox 646 2019 794 2063; x_wconf 86' lang='lat' dir='ltr'>quieuit]</span> <span class='ocrx_word' id='word_1_253' title='bbox 821 2023 855 2054; x_wconf 88' lang='lat' dir='ltr'>et</span> <span class='ocrx_word' id='word_1_254' title='bbox 881 2030 963 2053; x_wconf 89' lang='lat' dir='ltr'>cum</span> <span class='ocrx_word' id='word_1_255' title='bbox 981 2019 1188 2053; x_wconf 81' lang='lat' dir='ltr'>immineret</span> <span class='ocrx_word' id='word_1_256' title='bbox 1205 2029 1276 2052; x_wconf 82' lang='lat' dir='ltr'>nox</span> <span class='ocrx_word' id='word_1_257' title='bbox 1293 2028 1385 2052; x_wconf 86' lang='lat' dir='ltr'>uxor</span> <span class='ocrx_word' id='word_1_258' title='bbox 1401 2018 1478 2053; x_wconf 90' lang='lat' dir='ltr'>eius</span> <span class='ocrx_word' id='word_1_259' title='bbox 1495 2019 1556 2052; x_wconf 85' lang='lat' dir='ltr'>ad-</span> 
     </span>
    </p>
   </div>
   <div class='ocr_carea' id='block_1_8' title="bbox 143 2071 1563 2649">
    <p class='ocr_par' dir='ltr' id='par_1_10' title="bbox 143 2071 1563 2649">
     <span class='ocr_line' id='line_1_58' title="bbox 143 2071 1563 2116; baseline -0.001 -10"><span class='ocrx_word' id='word_1_260' title='bbox 143 2073 276 2116; x_wconf 85' lang='lat' dir='ltr'>quieuit</span> <span class='ocrx_word' id='word_1_261' title='bbox 299 2072 375 2108; x_wconf 83' lang='lat' dir='ltr'>CM</span> <span class='ocrx_word' id='word_1_262' title='bbox 417 2072 511 2116; x_wconf 89' lang='lat' dir='ltr'>inde]</span> <span class='ocrx_word' id='word_1_263' title='bbox 533 2084 588 2108; x_wconf 86' lang='lat' dir='ltr'>om</span> <span class='ocrx_word' id='word_1_264' title='bbox 605 2074 640 2108; x_wconf 91' lang='lat' dir='ltr'><strong><em>A</em></strong></span> <span class='ocrx_word' id='word_1_265' title='bbox 689 2072 869 2116; x_wconf 81' lang='lat' dir='ltr'>acquieuit</span> <span class='ocrx_word' id='word_1_266' title='bbox 887 2074 920 2107; x_wconf 91' lang='lat' dir='ltr'><strong><em>A</em></strong></span> <span class='ocrx_word' id='word_1_267' title='bbox 970 2074 991 2106; x_wconf 83' lang='grc'>6</span> <span class='ocrx_word' id='word_1_268' title='bbox 1016 2072 1154 2106; x_wconf 88' lang='lat' dir='ltr'>inuenti</span> <span class='ocrx_word' id='word_1_269' title='bbox 1173 2071 1268 2115; x_wconf 87' lang='lat' dir='ltr'>sunt]</span> <span class='ocrx_word' id='word_1_270' title='bbox 1286 2075 1465 2106; x_wconf 88' lang='lat' dir='ltr'>uenerunt</span> <span class='ocrx_word' id='word_1_271' title='bbox 1484 2071 1563 2106; x_wconf 82' lang='lat' dir='ltr'>CM</span> 
     </span>
     <span class='ocr_line' id='line_1_59' title="bbox 145 2125 1558 2170; baseline -0.001 -10"><span class='ocrx_word' id='word_1_272' title='bbox 145 2127 163 2160; x_wconf 93' lang='lat'><strong>7</strong></span> <span class='ocrx_word' id='word_1_273' title='bbox 189 2126 298 2160; x_wconf 79' lang='lat' dir='ltr'>auriti</span> <span class='ocrx_word' id='word_1_274' title='bbox 317 2127 392 2160; x_wconf 87' lang='lat' dir='ltr'>LV</span> <span class='ocrx_word' id='word_1_275' title='bbox 438 2126 641 2161; x_wconf 83' lang='lat' dir='ltr'>maluerant</span> <span class='ocrx_word' id='word_1_276' title='bbox 666 2128 717 2170; x_wconf 92' lang='lat' dir='ltr'><strong><em>A;</em></strong></span> <span class='ocrx_word' id='word_1_277' title='bbox 744 2126 928 2160; x_wconf 83' lang='lat' dir='ltr'>malebant</span> <span class='ocrx_word' id='word_1_278' title='bbox 954 2125 1064 2160; x_wconf 86' lang='lat' dir='ltr'>eiusd.</span> <span class='ocrx_word' id='word_1_279' title='bbox 1083 2129 1157 2169; x_wconf 87' lang='lat' dir='ltr'>put.</span> <span class='ocrx_word' id='word_1_280' title='bbox 1175 2136 1306 2169; x_wconf 87' lang='lat' dir='ltr'>aquam</span> <span class='ocrx_word' id='word_1_281' title='bbox 1332 2126 1380 2159; x_wconf 85' lang='lat' dir='ltr'><strong><em>M</em></strong></span> <span class='ocrx_word' id='word_1_282' title='bbox 1385 2139 1393 2169; x_wconf 90' lang='lat'>;</span> <span class='ocrx_word' id='word_1_283' title='bbox 1426 2135 1558 2168; x_wconf 88' lang='lat' dir='ltr'>aquam</span> 
     </span>
     <span class='ocr_line' id='line_1_60' title="bbox 143 2178 1558 2223; baseline -0.001 -10"><span class='ocrx_word' id='word_1_284' title='bbox 143 2182 409 2213; x_wconf 87' lang='lat' dir='ltr'>consueuerunt</span> <span class='ocrx_word' id='word_1_285' title='bbox 426 2180 469 2213; x_wconf 89' lang='lat' dir='ltr'>de</span> <span class='ocrx_word' id='word_1_286' title='bbox 487 2180 613 2214; x_wconf 86' lang='lat' dir='ltr'>eodem</span> <span class='ocrx_word' id='word_1_287' title='bbox 631 2183 738 2223; x_wconf 90' lang='lat' dir='ltr'>puteo</span> <span class='ocrx_word' id='word_1_288' title='bbox 757 2179 901 2213; x_wconf 86' lang='lat' dir='ltr'>haurire</span> <span class='ocrx_word' id='word_1_289' title='bbox 921 2178 950 2214; x_wconf 82' lang='lat' dir='ltr'><strong><em>G</em></strong></span> <span class='ocrx_word' id='word_1_290' title='bbox 1001 2180 1043 2212; x_wconf 88' lang='lat'>10</span> <span class='ocrx_word' id='word_1_291' title='bbox 1068 2179 1153 2221; x_wconf 86' lang='lat' dir='ltr'>red.]</span> <span class='ocrx_word' id='word_1_292' title='bbox 1177 2181 1215 2219; x_wconf 65' lang='lat' dir='ltr'>-t—</span> <span class='ocrx_word' id='word_1_293' title='bbox 1237 2178 1333 2212; x_wconf 89' lang='lat' dir='ltr'>domi</span> <span class='ocrx_word' id='word_1_294' title='bbox 1352 2180 1385 2212; x_wconf 85' lang='lat' dir='ltr'><strong><em>A</em></strong></span> <span class='ocrx_word' id='word_1_295' title='bbox 1439 2179 1476 2211; x_wconf 92' lang='lat'>11</span> <span class='ocrx_word' id='word_1_296' title='bbox 1506 2189 1558 2211; x_wconf 88' lang='lat' dir='ltr'>re-</span> 
     </span>
     <span class='ocr_line' id='line_1_61' title="bbox 143 2231 1556 2274; baseline -0.001 -8"><span class='ocrx_word' id='word_1_297' title='bbox 143 2233 304 2267; x_wconf 88' lang='lat' dir='ltr'>tulerunt</span> <span class='ocrx_word' id='word_1_298' title='bbox 328 2232 378 2266; x_wconf 84' lang='lat' dir='ltr'><em>M</em></span> <span class='ocrx_word' id='word_1_299' title='bbox 420 2233 580 2274; x_wconf 87' lang='lat' dir='ltr'>miratae,</span> <span class='ocrx_word' id='word_1_300' title='bbox 608 2233 780 2267; x_wconf 85' lang='lat' dir='ltr'>attonitae</span> <span class='ocrx_word' id='word_1_301' title='bbox 808 2235 835 2269; x_wconf 86' lang='lat' dir='ltr'><strong><em>C</em></strong></span> <span class='ocrx_word' id='word_1_302' title='bbox 886 2233 928 2266; x_wconf 70' lang='lat'>12</span> <span class='ocrx_word' id='word_1_303' title='bbox 945 2233 1083 2274; x_wconf 83' lang='lat' dir='ltr'>attenti]</span> <span class='ocrx_word' id='word_1_304' title='bbox 1103 2231 1234 2266; x_wconf 85' lang='lat' dir='ltr'>detenti</span> <span class='ocrx_word' id='word_1_305' title='bbox 1255 2232 1297 2266; x_wconf 89' lang='lat' dir='ltr'><em>M</em></span> <span class='ocrx_word' id='word_1_306' title='bbox 1347 2231 1498 2266; x_wconf 85' lang='lat' dir='ltr'>attonite</span> <span class='ocrx_word' id='word_1_307' title='bbox 1522 2233 1556 2265; x_wconf 98' lang='lat' dir='ltr'><strong><em>A</em></strong></span> 
     </span>
     <span class='ocr_line' id='line_1_62' title="bbox 146 2283 1560 2329; baseline -0.001 -10"><span class='ocrx_word' id='word_1_308' title='bbox 146 2291 184 2323; x_wconf 63' lang='grc'>4-</span> <span class='ocrx_word' id='word_1_309' title='bbox 223 2289 307 2319; x_wconf 84' lang='lat' dir='ltr'>sunt</span> <span class='ocrx_word' id='word_1_310' title='bbox 337 2296 463 2319; x_wconf 84' lang='lat' dir='ltr'>omnes</span> <span class='ocrx_word' id='word_1_311' title='bbox 496 2288 530 2320; x_wconf 87' lang='lat' dir='ltr'><strong><em>A</em></strong></span> <span class='ocrx_word' id='word_1_312' title='bbox 588 2286 864 2329; x_wconf 78' lang='lat' dir='ltr'>const-politane</span> <span class='ocrx_word' id='word_1_313' title='bbox 904 2288 1027 2329; x_wconf 79' lang='lat' dir='ltr'>gentes</span> <span class='ocrx_word' id='word_1_314' title='bbox 1061 2284 1089 2320; x_wconf 81' lang='lat' dir='ltr'>O</span> <span class='ocrx_word' id='word_1_315' title='bbox 1148 2285 1191 2318; x_wconf 88' lang='lat'>13</span> <span class='ocrx_word' id='word_1_316' title='bbox 1222 2285 1402 2327; x_wconf 81' lang='lat' dir='ltr'>degentes]</span> <span class='ocrx_word' id='word_1_317' title='bbox 1439 2296 1495 2320; x_wconf 87' lang='lat' dir='ltr'>om</span> <span class='ocrx_word' id='word_1_318' title='bbox 1530 2283 1560 2318; x_wconf 83' lang='lat' dir='ltr'><strong><em>C</em></strong></span> 
     </span>
     <span class='ocr_line' id='line_1_63' title="bbox 144 2336 1559 2382; baseline -0.002 -9"><span class='ocrx_word' id='word_1_319' title='bbox 144 2342 184 2381; x_wconf 77' lang='lat'>-}-</span> <span class='ocrx_word' id='word_1_320' title='bbox 215 2350 257 2373; x_wconf 81' lang='lat' dir='ltr'>ex</span> <span class='ocrx_word' id='word_1_321' title='bbox 282 2339 349 2372; x_wconf 88' lang='lat' dir='ltr'>hac</span> <span class='ocrx_word' id='word_1_322' title='bbox 373 2349 481 2373; x_wconf 85' lang='lat' dir='ltr'>causa</span> <span class='ocrx_word' id='word_1_323' title='bbox 501 2338 588 2380; x_wconf 83' lang='lat' dir='ltr'>GM;</span> <span class='ocrx_word' id='word_1_324' title='bbox 618 2342 657 2380; x_wconf 75' lang='lat'>-{-</span> <span class='ocrx_word' id='word_1_325' title='bbox 685 2339 755 2373; x_wconf 86' lang='lat' dir='ltr'>huc</span> <span class='ocrx_word' id='word_1_326' title='bbox 780 2338 935 2382; x_wconf 86' lang='lat' dir='ltr'>illucque</span> <span class='ocrx_word' id='word_1_327' title='bbox 961 2338 1210 2372; x_wconf 80' lang='lat' dir='ltr'>discurrebant</span> <span class='ocrx_word' id='word_1_328' title='bbox 1227 2339 1343 2373; x_wconf 87' lang='lat' dir='ltr'><strong><em>ACM</em></strong></span> <span class='ocrx_word' id='word_1_329' title='bbox 1390 2338 1433 2370; x_wconf 81' lang='lat'>15</span> <span class='ocrx_word' id='word_1_330' title='bbox 1458 2336 1559 2381; x_wconf 65' lang='lat' dir='ltr'>pref]</span> 
     </span>
     <span class='ocr_line' id='line_1_64' title="bbox 145 2391 1557 2437; baseline -0.001 -11"><span class='ocrx_word' id='word_1_331' title='bbox 145 2395 184 2433; x_wconf 66' lang='lat'>4-</span> <span class='ocrx_word' id='word_1_332' title='bbox 207 2395 328 2426; x_wconf 87' lang='lat' dir='ltr'>autem</span> <span class='ocrx_word' id='word_1_333' title='bbox 354 2391 444 2432; x_wconf 81' lang='lat' dir='ltr'>0M;</span> <span class='ocrx_word' id='word_1_334' title='bbox 470 2395 566 2427; x_wconf 87' lang='lat' dir='ltr'>tunc.</span> <span class='ocrx_word' id='word_1_335' title='bbox 584 2393 671 2437; x_wconf 88' lang='lat' dir='ltr'>pref.</span> <span class='ocrx_word' id='word_1_336' title='bbox 690 2395 724 2427; x_wconf 91' lang='lat' dir='ltr'><strong><em>A</em></strong></span> <span class='ocrx_word' id='word_1_337' title='bbox 776 2394 818 2426; x_wconf 89' lang='grc'>16</span> <span class='ocrx_word' id='word_1_338' title='bbox 844 2392 987 2426; x_wconf 84' lang='lat' dir='ltr'>habitus</span> <span class='ocrx_word' id='word_1_339' title='bbox 1007 2391 1085 2427; x_wconf 83' lang='lat' dir='ltr'>CM</span> <span class='ocrx_word' id='word_1_340' title='bbox 1131 2392 1172 2425; x_wconf 92' lang='lat'>17</span> <span class='ocrx_word' id='word_1_341' title='bbox 1198 2391 1266 2425; x_wconf 87' lang='lat' dir='ltr'>trai</span> <span class='ocrx_word' id='word_1_342' title='bbox 1291 2392 1369 2426; x_wconf 92' lang='lat' dir='ltr'>LV</span> <span class='ocrx_word' id='word_1_343' title='bbox 1415 2392 1456 2424; x_wconf 87' lang='grc'><strong>19</strong></span> <span class='ocrx_word' id='word_1_344' title='bbox 1482 2401 1557 2434; x_wconf 89' lang='lat' dir='ltr'>pre-</span> 
     </span>
     <span class='ocr_line' id='line_1_65' title="bbox 144 2443 1556 2490; baseline -0.001 -11"><span class='ocrx_word' id='word_1_345' title='bbox 144 2446 259 2480; x_wconf 89' lang='lat' dir='ltr'>dictus</span> <span class='ocrx_word' id='word_1_346' title='bbox 299 2446 330 2480; x_wconf 92' lang='lat' dir='ltr'><strong><em>A</em></strong></span> <span class='ocrx_word' id='word_1_347' title='bbox 395 2446 441 2479; x_wconf 71' lang='grc' dir='ltr'>ΞΟ</span> <span class='ocrx_word' id='word_1_348' title='bbox 481 2445 598 2489; x_wconf 88' lang='lat' dir='ltr'>ipsum</span> <span class='ocrx_word' id='word_1_349' title='bbox 640 2449 787 2490; x_wconf 89' lang='lat' dir='ltr'>puteum</span> <span class='ocrx_word' id='word_1_350' title='bbox 830 2445 945 2480; x_wconf 84' lang='lat' dir='ltr'><strong><em>ACM</em></strong></span> <span class='ocrx_word' id='word_1_351' title='bbox 1007 2445 1048 2479; x_wconf 76' lang='lat'>21</span> <span class='ocrx_word' id='word_1_352' title='bbox 1094 2444 1202 2479; x_wconf 87' lang='lat' dir='ltr'>etiam</span> <span class='ocrx_word' id='word_1_353' title='bbox 1244 2466 1288 2469; x_wconf 97' lang='lat'><strong>—</strong></span> <span class='ocrx_word' id='word_1_354' title='bbox 1331 2443 1556 2488; x_wconf 86' lang='lat' dir='ltr'>apparuerat]</span> 
     </span>
     <span class='ocr_line' id='line_1_66' title="bbox 144 2497 1557 2542; baseline -0.002 -10"><span class='ocrx_word' id='word_1_355' title='bbox 144 2498 357 2542; x_wconf 78' lang='lat' dir='ltr'>sanguinem</span> <span class='ocrx_word' id='word_1_356' title='bbox 376 2498 582 2532; x_wconf 70' lang='lat' dir='ltr'>effundebat</span> <span class='ocrx_word' id='word_1_357' title='bbox 601 2499 647 2533; x_wconf 90' lang='lat' dir='ltr'><em>M</em></span> <span class='ocrx_word' id='word_1_358' title='bbox 693 2499 737 2532; x_wconf 71' lang='lat'>22</span> <span class='ocrx_word' id='word_1_359' title='bbox 756 2499 901 2533; x_wconf 85' lang='lat' dir='ltr'>cicatrix</span> <span class='ocrx_word' id='word_1_360' title='bbox 918 2498 1084 2542; x_wconf 87' lang='lat' dir='ltr'>apparuit</span> <span class='ocrx_word' id='word_1_361' title='bbox 1101 2498 1172 2533; x_wconf 86' lang='lat' dir='ltr'><strong><em>AC</em></strong></span> <span class='ocrx_word' id='word_1_362' title='bbox 1218 2498 1263 2532; x_wconf 71' lang='lat'>523</span> <span class='ocrx_word' id='word_1_363' title='bbox 1281 2497 1326 2531; x_wconf 89' lang='lat' dir='ltr'>ad</span> <span class='ocrx_word' id='word_1_364' title='bbox 1344 2497 1422 2540; x_wconf 88' lang='lat' dir='ltr'>hec]</span> <span class='ocrx_word' id='word_1_365' title='bbox 1441 2497 1557 2530; x_wconf 81' lang='lat' dir='ltr'>adhuc</span> 
     </span>
     <span class='ocr_line' id='line_1_67' title="bbox 147 2550 1555 2596; baseline -0.002 -10"><span class='ocrx_word' id='word_1_366' title='bbox 147 2551 190 2592; x_wconf 83' lang='lat' dir='ltr'>G;</span> <span class='ocrx_word' id='word_1_367' title='bbox 215 2563 269 2587; x_wconf 87' lang='lat' dir='ltr'>om</span> <span class='ocrx_word' id='word_1_368' title='bbox 283 2553 380 2590; x_wconf 82' lang='lat' dir='ltr'><strong><em>AM:</em></strong></span> <span class='ocrx_word' id='word_1_369' title='bbox 407 2552 584 2595; x_wconf 84' lang='lat' dir='ltr'>prefectus</span> <span class='ocrx_word' id='word_1_370' title='bbox 603 2556 722 2586; x_wconf 87' lang='lat' dir='ltr'>autem</span> <span class='ocrx_word' id='word_1_371' title='bbox 739 2552 854 2586; x_wconf 88' lang='lat' dir='ltr'>isdem</span> <span class='ocrx_word' id='word_1_372' title='bbox 873 2563 955 2586; x_wconf 86' lang='lat' dir='ltr'>cum</span> <span class='ocrx_word' id='word_1_373' title='bbox 973 2553 1023 2590; x_wconf 73' lang='lat' dir='ltr'>A:</span> <span class='ocrx_word' id='word_1_374' title='bbox 1050 2552 1137 2596; x_wconf 87' lang='lat' dir='ltr'>pref.</span> <span class='ocrx_word' id='word_1_375' title='bbox 1157 2555 1277 2586; x_wconf 90' lang='lat' dir='ltr'>autem</span> <span class='ocrx_word' id='word_1_376' title='bbox 1296 2561 1444 2585; x_wconf 88' lang='lat' dir='ltr'>cernens</span> <span class='ocrx_word' id='word_1_377' title='bbox 1462 2550 1555 2593; x_wconf 85' lang='lat' dir='ltr'>quod</span> 
     </span>
     <span class='ocr_line' id='line_1_68' title="bbox 144 2603 1559 2649; baseline -0.002 -11"><span class='ocrx_word' id='word_1_378' title='bbox 144 2616 188 2639; x_wconf 78' lang='lat' dir='ltr'>ex</span> <span class='ocrx_word' id='word_1_379' title='bbox 206 2605 283 2649; x_wconf 89' lang='lat' dir='ltr'>ipso</span> <span class='ocrx_word' id='word_1_380' title='bbox 301 2605 450 2639; x_wconf 83' lang='lat' dir='ltr'>uulnere</span> <span class='ocrx_word' id='word_1_381' title='bbox 468 2606 614 2648; x_wconf 78' lang='lat' dir='ltr'>sanguis</span> <span class='ocrx_word' id='word_1_382' title='bbox 631 2609 814 2640; x_wconf 86' lang='lat' dir='ltr'>emanaret</span> <span class='ocrx_word' id='word_1_383' title='bbox 831 2606 876 2640; x_wconf 88' lang='grc' dir='ltr'><em>Μ</em></span> <span class='ocrx_word' id='word_1_384' title='bbox 912 2606 955 2639; x_wconf 71' lang='lat'>27</span> <span class='ocrx_word' id='word_1_385' title='bbox 974 2605 1082 2649; x_wconf 87' lang='lat' dir='ltr'>prec.]</span> <span class='ocrx_word' id='word_1_386' title='bbox 1103 2607 1141 2645; x_wconf 68' lang='lat' dir='ltr'>-t-</span> <span class='ocrx_word' id='word_1_387' title='bbox 1163 2616 1241 2639; x_wconf 81' lang='lat' dir='ltr'>earn</span> <span class='ocrx_word' id='word_1_388' title='bbox 1260 2604 1310 2639; x_wconf 85' lang='lat' dir='ltr'><em>M</em></span> <span class='ocrx_word' id='word_1_389' title='bbox 1343 2603 1470 2638; x_wconf 85' lang='lat' dir='ltr'>deferri</span> <span class='ocrx_word' id='word_1_390' title='bbox 1485 2603 1559 2638; x_wconf 89' lang='lat' dir='ltr'>CM</span> 
     </span>
    </p>
   </div>
  </div>
 </body>
</html>
