1834 2967
684 252 760 294 25.
804 250 974 293 Simile
1013 251 1315 306 supradicto.

291 339 411 428 Cum
439 339 699 379 descendisset
718 340 838 378 abbas
858 339 978 378 Amos
1007 339 1048 377 in
1067 340 1274 378 Ierusalem
1294 344 1331 377 et
1357 339 1555 378 ordinatus
1575 339 1708 379 fuisset

369 399 599 450 patriarcha,
643 400 899 438 ascenderunt
928 412 1063 437 omnes
1093 399 1251 437 abbates
1285 398 1623 445 monasteriorum,
1666 404 1707 438 ut

292 460 497 498 adorarent
526 472 626 497 eum.
684 459 783 498 Cum
811 458 950 508 quibus
979 457 1135 497 ascendi
1164 462 1201 496 et
1228 470 1298 508 ego
1326 471 1406 496 una
1444 470 1533 496 cum
1570 458 1708 497 abbate

241 520 265 557 5
293 531 393 557 meo.
432 518 478 556 Et
507 518 605 569 cepit
624 517 841 568 patriarcha
865 517 990 556 dicere
1011 517 1200 568 patribus:
1230 517 1345 556 Orate
1366 530 1434 567 pro
1462 530 1538 563 me,
1568 522 1708 567 patres,

290 577 475 627 quoniam
502 578 647 627 grande
667 590 766 616 onus
787 582 823 615 et
853 576 1093 626 importabile
1114 582 1170 615 est
1198 576 1338 615 michi*
1367 575 1707 626 superimpositum

290 641 327 675 et
355 637 522 675 concutit
540 650 603 675 me
633 649 694 675 res
708 636 942 686 ‘patriarchie
971 649 1050 674 non
1070 635 1231 674 modice.
1271 635 1374 674 Petri
1403 635 1507 674 enim
1535 641 1571 674 et
1599 635 1708 674 Pauli

145 702 277 737 E163v
291 701 327 735 et
353 696 498 746 Moysei
526 701 562 734 et
590 695 826 745 reliquorum
855 696 989 734 talium
1025 700 1082 733 est
1110 708 1241 745 regere
1276 694 1426 733 animas
1447 694 1461 745 ΙΙ
1482 694 1704 733 racionales.

290 755 369 805 Ego
399 755 502 794 enim
529 754 647 793 miser
668 768 767 793 sum.
825 755 949 805 Super
978 754 1108 792 omnia
1136 760 1264 793 autem
1285 754 1488 793 conturbat
1516 767 1579 792 me
1608 766 1708 792 onus

215 816 263 853 10
290 827 430 853 manus
471 813 743 864 imposicionis.
800 813 936 852 Inueni
976 813 1081 852 enim
1115 813 1313 864 scriptum,
1351 813 1535 863 quoniam
1572 813 1708 852 beatus

292 873 369 912 Leo
399 887 496 924 papa
525 873 589 922 qui
617 873 795 911 Romane
824 872 979 911 ecclesie
999 873 1121 911 extitit
1150 872 1332 923 pontifex,
1362 886 1428 923 per
1458 872 1708 923 quadraginta

293 933 372 971 dies
401 932 662 983 perseuerauit
691 933 739 970 ad
769 931 1016 982 sepulchrum
1045 932 1147 970 beati
1165 931 1289 970 Petri*
1309 932 1470 982 apostoli
1499 931 1651 971 ieiunus
1672 937 1708 970 et

293 991 530 1031 orationibus
547 1004 702 1037 uacans,
725 991 933 1030 obsecrans
954 996 1132 1029 sanctum
1160 991 1377 1041 apostolum
1396 996 1436 1029 ut
1457 990 1708 1030 intercederet

291 1063 360 1101 pro
399 1063 439 1089 se
478 1052 524 1089 ad
554 1050 765 1088 Dominum
802 1055 843 1088 ut
879 1049 1084 1089 dimitteret
1122 1049 1155 1088 ei
1193 1052 1285 1088 sua*
1322 1055 1488 1100 peccata.
1545 1051 1591 1089 Et
1619 1063 1709 1089 cum

216 1112 264 1149 15
293 1109 469 1160 completi
499 1114 628 1148 essent
666 1108 918 1159 quadraginta
950 1109 1044 1156 dies,
1083 1109 1258 1159 apparuit
1295 1109 1348 1147 illi
1386 1114 1542 1148 sanctus
1570 1110 1707 1148 Petrus

292 1169 440 1208 dicens:
485 1169 719 1219 Deprecatus
755 1181 842 1206 sum
881 1168 1004 1207 Deum
1033 1181 1102 1219 pro
1138 1174 1186 1214 te,
1225 1173 1261 1206 et
1299 1167 1442 1207 dimisit
1477 1168 1542 1207 tibi
1578 1167 1710 1207 omnia

294 1233 448 1279 peccata
476 1233 559 1275 tua3
590 1228 834 1266 solummodo
865 1228 911 1266 de
938 1240 1080 1266 manus
1109 1227 1359 1277 imposicione
1379 1227 1528 1266 deberis
1557 1226 1711 1277 inquiri,

293 1288 330 1325 id
360 1292 416 1325 est
445 1287 477 1325 si
505 1287 604 1325 bene
634 1286 716 1325 siue
746 1287 854 1325 aliter
884 1286 996 1325 alicui
1025 1285 1241 1337 imposuisti
1269 1299 1444 1325 manum.

300 1440 375 1482 26.
411 1438 506 1481 Ubi
535 1438 768 1494 apparuit
795 1437 988 1480 cuidam
1017 1440 1220 1481 sanctus
1249 1438 1386 1493 Papa
1416 1437 1709 1494 Gregorius.

216 1531 270 1568 ΞΟ
299 1527 586 1617 Visitauimus
623 1527 898 1566 monasteriola
939 1527 1088 1565 abbatis
1125 1527 1313 1565 Johannis
1348 1527 1467 1567 Persi.
1535 1528 1581 1566 Et
1627 1542 1713 1568 nar-

400 1587 496 1626 rauit
528 1588 574 1626 de
604 1592 736 1626 sancto
766 1587 948 1636 Gregorio
986 1600 1084 1637 papa
1121 1586 1298 1625 Romano
1337 1587 1480 1626 dicens:
1517 1587 1712 1635 Quoniam

298 1660 386 1685 cum
415 1647 583 1685 abissem
602 1646 642 1685 in
672 1647 808 1685 urbem
827 1647 879 1684 Rc
888 1659 993 1685 mam
1013 1647 1060 1685 ad
1080 1647 1320 1684 adorandum
1340 1647 1470 1685 thecas
1491 1653 1714 1686 sanctorum

299 1706 562 1756 apostolorum
590 1705 693 1744 Petri
722 1711 759 1744 et
787 1705 906 1752 Pauli,
944 1718 1021 1744 una
1051 1705 1200 1744 dierum
1229 1718 1318 1744 cum
1346 1711 1489 1744 starem
1517 1706 1556 1744 in
1585 1707 1712 1746 medio

198 1772 278 1806 879
297 1765 471 1812 ciuitatis,
502 1765 580 1803 uidi
607 1778 747 1815 papam
776 1764 1003 1815 Gregorium
1041 1764 1281 1812 uenientem;
1322 1778 1388 1815 per
1416 1765 1545 1803 locum
1573 1765 1676 1804 enim
1697 1764 1711 1816 ΙΙ

218 1827 268 1864 25
297 1825 404 1864 illum
433 1830 514 1863 erat
534 1824 778 1863 transiturus.
824 1823 996 1874 Cogitaui
1016 1837 1109 1862 uero
1129 1829 1170 1862 ut
1199 1824 1250 1862 illi
1269 1824 1461 1862 mitterem
1489 1824 1710 1863 metaniam.

405 1883 586 1922 Videntes
629 1889 758 1922 autem
799 1897 863 1922 me
905 1883 971 1933 qui
1011 1889 1119 1922 erant
1161 1883 1199 1921 in
1243 1883 1426 1933 obsequio
1465 1884 1559 1931 eius,
1607 1897 1712 1935 cepe-

296 1949 387 1982 runt
428 1944 553 1982 dicere
590 1943 727 1983 michi:
769 1944 894 1990 Abba,
937 1957 1015 1982 non
1054 1942 1169 1982 facias
1213 1943 1435 1982 metaniam.
1502 1944 1580 1994 Ego
1619 1957 1712 1983 uero

299 2003 519 2042 nesciebam
548 2017 617 2054 pro
648 2016 722 2053 quo
751 2003 868 2041 michi
896 2003 968 2042 hec
998 2002 1177 2048 dicerent,
1217 2003 1285 2041 sed
1313 2002 1476 2052 cogitaui
1506 2015 1584 2041 non
1627 2015 1712 2042 esse

295 2063 442 2101 bonum
470 2068 511 2101 ut
540 2076 636 2113 pape
666 2076 745 2101 non
773 2062 966 2101 mitterem
993 2061 1214 2101 metaniam.
1268 2062 1315 2100 Vt
1346 2067 1476 2100 autem
1504 2062 1710 2113 adpropin-

216 2123 269 2160 30
297 2122 428 2171 quauit
456 2121 586 2168 michi,
626 2121 718 2160 uidit
747 2134 809 2160 me
839 2126 995 2160 euntem
1024 2126 1064 2159 ut
1094 2134 1183 2160 eum
1220 2121 1433 2159 adorarem.
1491 2121 1616 2160 Testis
1655 2126 1712 2160 est

297 2181 497 2227 Dominus,
528 2181 674 2228 fratres,
714 2181 882 2232 primum
917 2181 998 2231 ipse
1027 2181 1192 2219 adorans
1232 2179 1391 2230 procidit
1428 2180 1466 2218 in
1506 2185 1648 2219 terram
1677 2185 1713 2219 et

298 2253 376 2278 non
407 2239 510 2290 prius
540 2240 717 2287 surrexit,
757 2241 974 2289 usquedum
1003 2252 1072 2290 ego
1102 2239 1225 2289 primo
1256 2238 1416 2278 surrexi.
1461 2239 1505 2278 Et
1535 2239 1713 2278 osculans

297 2311 359 2337 me
389 2311 475 2337 cum
506 2298 609 2337 omni
639 2299 852 2338 humilitate
873 2298 974 2337 dedit
1002 2298 1117 2337 michi
1138 2311 1258 2337 manu
1279 2311 1348 2337 sua
1377 2297 1448 2337 tria
1478 2298 1713 2338 numismata

298 2364 334 2397 et
364 2358 530 2408 precepit
558 2358 675 2397 michi
705 2358 786 2397 dari
815 2358 1023 2409 hospitium
1044 2363 1079 2396 et
1099 2371 1256 2396 omnem
1284 2371 1412 2396 meam
1433 2358 1711 2397 necessitatem.

221 2419 272 2456 35
300 2419 429 2467 Itaque
458 2416 665 2468 glorificaui
687 2419 822 2463 Deum,
855 2417 918 2467 qui
941 2423 1087 2456 tantam
1117 2417 1166 2455 illi
1188 2422 1429 2456 concesserat
1457 2416 1713 2456 humilitatem

296 2477 343 2515 ad
373 2489 508 2515 omnes
538 2482 573 2515 et
603 2477 852 2516 elemosinam
881 2483 917 2515 et
947 2476 1153 2516 caritatem.

405 2574 424 2605 2
452 2572 666 2606 hierusalem
694 2571 732 2606 E
779 2574 799 2605 9
826 2583 917 2606 onus
944 2571 996 2606 Ks
1046 2572 1083 2606 11
1114 2583 1203 2616 pape
1221 2571 1275 2607 K¹
1328 2573 1369 2606 19.
1395 2571 1546 2616 apostoli
1566 2571 1658 2605 Petri
1677 2571 1717 2606 E

298 2623 439 2659 ieiuniis
465 2625 507 2660 K
555 2625 597 2659 14
622 2625 671 2667 se]
699 2636 740 2659 eo
770 2625 846 2659 LK
896 2626 937 2659 18
963 2625 1074 2667 aliter]
1103 2625 1195 2659 male
1221 2625 1301 2660 ΕΚ
