1834 2967
697 123 960 160 „57—

120 245 306 285 mul'ttam
326 246 576 285 defectionem
597 251 634 285 et
652 246 868 296 angustiam
889 245 1116 284 deueniinus
1138 259 1285 292 omnes,
1315 245 1529 284 nescientes
1544 251 1672 286 Κ132*7

123 305 212 355 quid
240 307 314 344 hoc
342 312 442 344 esset
472 306 573 355 quod
594 305 706 344 nobis
735 305 955 355 contigerat.
999 305 1077 354 Ego
1108 310 1236 343 autem
1257 305 1354 343 sicut
1383 305 1531 344 naucle-

124 364 204 403 rius
233 365 382 403 habens
413 364 705 403 sollicitudinem
737 364 848 402 nauis
887 369 923 402 et
951 364 1125 402 omnium
1162 377 1235 413 que
1268 364 1307 402 in
1338 377 1381 402 ea
1411 368 1531 413 erant,

121 423 203 474 cepi
232 436 301 474 pro
330 424 403 462 hoc
433 422 625 474 depreca1i
657 422 865 462 Dominum
895 436 941 461 ex
970 427 1048 461 toto
1079 423 1191 461 corde
1219 428 1261 461 ut
1290 424 1518 462 ostender'e
1550 427 1623 462 S71

120 483 236 521 michi
265 483 485 533 dignaretur
514 481 604 532 quid
633 482 705 520 hoc
734 487 844 520 esset.
1587 483 1610 520 ἴ)

230 541 313 579 Vna
353 554 445 579 uero
487 540 635 580 dierum
679 553 766 578 cum
809 539 955 578 diucius
997 551 1182 588 orassem,
1225 538 1354 576 audiui
1396 552 1532 578 uocem

121 600 312 639 dicentem
339 600 474 638 michi:
514 599 618 638 Mitte
655 599 756 638 foras
785 599 945 637 Mariam
984 604 1019 637 et
1054 599 1153 636 bene
1187 597 1397 647 nauigabis.
1454 598 1532 648 Ego

121 664 251 698 autem
280 658 382 709 cepi*
411 658 575 708 cogitare
605 658 695 708 quid
723 658 797 696 hoc
826 663 926 697 esset
953 657 1015 696 uel
1035 657 1120 706 quis
1140 662 1239 695 esset
1259 656 1391 695 Maria.
1435 657 1532 695 Cum

120 731 212 757 uero
240 718 410 756 intentus
439 730 565 756 essem
594 730 662 768 pro
691 717 778 764 hoc,
807 716 946 755 iterum
974 716 1080 755 uenit
1109 717 1157 755 ad
1184 729 1248 754 me
1276 729 1353 754 uox
1382 716 1531 754 dicens:

120 777 207 815 Dixi
236 776 316 824 tibi,
345 776 453 815 mitte
481 777 583 815 foras
612 775 772 815 Mariam
793 775 808 826 ΙΙ
829 781 865 814 01
897 775 1152 814 saluabimini.
1210 775 1410 824 Tunc-ego
1440 787 1528 813 cum
1549 781 1655 814 T63v

120 835 309 875 nescirem
332 849 404 885 que
430 840 529 874 esset
550 835 683 881 Maria,
713 835 876 885 cognoui
903 835 1031 873 huius:
1047 834 1151 872 modi
1173 833 1396 873 factionem:
1427 839 1532 872 stans
1550 839 1655 873 ΒΘΗ

118 895 158 933 in
186 895 312 933 medio
348 894 461 933 nauis
500 894 608 932 emisi
647 894 773 932 subito
811 894 1001 932 excelsam
1038 906 1174 932 uocem
1213 893 1360 932 dicens:
1400 892 1531 931 Maria.

118 954 185 992 Illa
213 966 306 992 uero
335 966 423 992 cum
452 953 636 992 reclinata
655 958 755 992 esset
784 953 823 991 in
845 958 965 991 stratu
987 965 1070 999 su0,
1099 953 1314 1002 respondit:
1345 951 1446 999 Quid
1465 951 1532 990 tibi

120 1013 254 1063 placet,
285 1012 470 1052 domine?
528 1013 636 1051 Tunc
664 1012 741 1050 dixi
768 1012 839 1051 illi:
878 1013 954 1051 Fac
983 1012 1180 1050 caritatem
1208 1017 1245 1050 et
1282 1011 1373 1049 ueni
1411 1024 1533 1060 usque

116 1073 206 1111 huc,
261 1072 312 1110 At
340 1071 402 1110 illa
431 1072 595 1110 surrexit
624 1077 660 1110 et
688 1071 805 1110 uenit.
863 1071 961 1110 Cum
990 1076 1118 1109 autem
1147 1071 1328 1117 uenisset,
1359 1069 1426 1108 tuli
1447 1083 1532 1108 eam
1565 1071 1611 1108 15

118 1136 264 1170 secreto
293 1130 446 1181 dixique
475 1131 526 1170 ei:
556 1130 683 1178 Vides,
713 1143 822 1169 soror
841 1144 940 1177 mea⁷
970 1135 1111 1180 quanta
1132 1135 1221 1168 sunt
1250 1134 1404 1180 peccata
1432 1142 1531 1169 mea.

116 1190 278 1241 Propter
306 1203 368 1229 me
397 1191 523 1229 solum
560 1189 777 1240 periclitatis
819 1203 967 1228 omnes.
1023 1189 1089 1228 Illa
1109 1188 1123 1238 ΙΙ
1145 1201 1236 1227 uero
1274 1187 1530 1238 ingemiscens
1548 1193 1648 1227 E151

119 1250 187 1288 ait:
218 1249 328 1296 Vere,
358 1249 514 1288 domine
543 1250 735 1296 nauclere,
765 1262 834 1299 ego
855 1262 941 1287 sum
971 1248 1172 1299 peccatrix.
1212 1249 1352 1286 Iterum
1383 1247 1458 1285 dixi
1479 1247 1530 1286 ei:

117 1308 266 1356 Mulier,
298 1321 372 1358 que
400 1313 490 1347 sunt
520 1314 673 1359 peccata
710 1314 775 1347 tua
805 1321 878 1357 que
906 1308 1054 1347 habes?
1111 1307 1157 1345 Et
1185 1307 1298 1346 dixit:
1338 1307 1425 1345 Heu
1453 1319 1528 1353 me,

118 1368 205 1418 quia
232 1380 312 1406 non
342 1373 399 1406 est
427 1373 626 1418 peccatum
662 1368 763 1417 quod
801 1380 870 1417 ego
899 1367 1041 1406 misera
1080 1380 1159 1405 non
1191 1366 1455 1413 conmiserim3
1495 1371 1531 1404 et
1560 1366 1610 1403 ΞΟ

116 1431 270 1477 propter
299 1427 441 1466 scelera
469 1439 557 1465 mea
586 1439 721 1466 omnes
757 1426 848 1465 estis
886 1425 1055 1477 perituri.
1113 1426 1182 1465 Cui
1224 1439 1292 1476 ego
1327 1425 1530 1464 blandiens

116 1485 210 1524 dixi:
242 1486 368 1534 Queso
399 1491 446 1532 te,
476 1498 585 1524 soror
622 1499 720 1532 mea,
760 1499 840 1524 non
875 1486 1079 1524 erubescas
1117 1498 1275 1524 narrare
1304 1483 1419 1523 michi
1458 1497 1530 1533 que

116 1549 206 1582 sunt
234 1550 389 1594 peccata
415 1549 481 1583 tua
510 1557 584 1594 que
613 1544 732 1594 egisti.

221 1604 271 1641 At
298 1603 362 1642 illa
397 1603 494 1654 cepit
522 1603 647 1642 dicere
675 1603 810 1642 michi:
850 1603 958 1650 Vere,
999 1602 1154 1641 domine
1191 1602 1255 1649 mi,
1296 1615 1365 1652 ego
1400 1601 1529 1641 infelix

115 1661 243 1700 uirum
283 1662 399 1701 habui
443 1668 479 1700 et
519 1664 615 1701 duos
653 1662 749 1701 filios
788 1675 834 1701 ex
873 1675 917 1701 eo
961 1661 1123 1712 suscepi,
1167 1674 1290 1700 unum
1337 1675 1529 1700 annorum
1558 1660 1608 1698 25

115 1734 270 1768 nouemy
300 1722 464 1760 alterum
483 1734 576 1761 uero
603 1721 783 1771 quinque.
806 1719 820 1771 ΙΙ
841 1722 1014 1760 Mortuus
1044 1726 1101 1760 est
1130 1726 1256 1759 autem
1278 1720 1337 1758 uir
1364 1733 1474 1759 meus
1493 1726 1530 1760 et
1546 1724 1652 1759 K133

114 1780 245 1819 relicta
273 1794 361 1819 sum
389 1781 505 1820 uidua
533 1794 610 1819 una
639 1794 727 1819 cum
756 1781 842 1819 filiis
871 1781 978 1819 meis.

221 1840 330 1878 Miles
365 1853 455 1879 uero
495 1839 650 1890 quidam
687 1839 884 1878 habitabat
921 1840 1027 1878 iuxta
1061 1853 1135 1878 me.
1192 1839 1251 1877 Ad
1290 1852 1404 1888 quern
1441 1839 1528 1878 misi

117 1899 304 1948 quosdam
333 1899 476 1938 amicos
505 1904 546 1938 ut
573 1912 636 1938 me
665 1899 850 1949 acciperet
882 1899 1097 1949 coniugem.
1159 1898 1372 1948 Respondit
1399 1898 1529 1938 miles:

115 1957 197 2007 Ego
227 1970 388 1996 uxorem
417 1971 496 1996 non
525 1957 709 2008 accipiam
739 1971 813 2007 que
842 1958 889 1996 de
917 1958 991 1996 alio
1020 1958 1103 1996 uiro
1132 1958 1272 1995 habeat
1301 1957 1408 1996 filios.
1451 1958 1529 2008 Ego
1559 1955 1610 1993 30

116 2022 244 2054 autem
273 2022 315 2055 ut
355 2016 485 2055 audiui
522 2017 610 2066 quia
639 2022 794 2067 propter
822 2016 918 2055 filios
956 2029 1064 2055 meos
1103 2017 1220 2055 nollet
1257 2030 1319 2055 me
1348 2015 1529 2066 accipere,

116 2080 151 2114 01
194 2088 281 2114 cum
324 2089 412 2114 eum
452 2076 616 2114 multum
661 2075 868 2125 diligerem,
911 2075 1080 2114 interfeci
1122 2075 1263 2114 misera
1300 2076 1395 2114 duos
1434 2075 1530 2114 filios

116 2147 223 2172 meos
244 2132 258 2184 ΙΙ
280 2139 315 2172 01
331 2140 466 2173 notum
487 2134 541 2173 ei*
557 2134 626 2173 feci
642 2134 791 2173 dicens:
812 2134 911 2181 Quia
931 2135 1081 2173 nullum
1098 2135 1222 2183 filium
1243 2135 1360 2173 modo
1384 2135 1527 2181 habeo;
1547 2138 1632 2172 T64

228 2242 241 2274 1
271 2239 436 2284 multam]
461 2242 501 2281 -]-
532 2240 743 2274 deuenimus
768 2241 807 2274 K
854 2240 875 2273 9.
901 2240 1091 2274 nauclerus
1108 2241 1185 2274 EK
1232 2240 1255 2274 4
1278 2251 1343 2284 pro
1369 2239 1449 2282 hoc]
1476 2251 1531 2274 om

115 2295 154 2328 K
202 2293 339 2338 precari
357 2294 398 2327 K
443 2293 561 2336 corde]
579 2295 619 2334 -]-
636 2293 822 2328 dominum
837 2294 877 2327 K
925 2295 945 2326 6
963 2293 1020 2327 (110
1034 2294 1112 2327 ΕΚ
1157 2294 1179 2327 8
1196 2293 1254 2327 uel
1268 2314 1311 2318 -—
1327 2293 1450 2327 dicens
1470 2293 1530 2328 Tm

116 2347 209 2391 quis]
234 2357 303 2390 que
328 2345 446 2381 S¹EK
512 2347 555 2380 10
579 2346 689 2390 foras]
719 2346 845 2381 subtus
870 2347 943 2380 EK
1007 2347 1048 2380 15
1074 2357 1158 2390 ergo
1184 2347 1257 2380 ΕΚ
1320 2347 1362 2380 16
1395 2349 1529 2380 secrete

116 2399 225 2434 B¹T²
275 2399 432 2443 dixitque
464 2400 496 2433 T
552 2399 592 2433 17
618 2399 871 2444 periclitamini
894 2397 949 2433 Κ2
1007 2399 1053 2432 20
1083 2399 1160 2442 ego]
1193 2410 1247 2433 om
1274 2399 1342 2433 BT
1395 2399 1441 2432 24
1465 2398 1527 2441 mi]

120 2455 159 2494 -1-
187 2453 354 2487 nauclere
379 2453 457 2487 ΕΚ
512 2453 556 2486 25
581 2452 647 2487 uir.
666 2452 789 2487 infelix
815 2454 851 2486 E
897 2452 1046 2496 suscepi]
1074 2451 1180 2496 genui
1206 2453 1285 2486 ΕΚ
1335 2452 1380 2486 26
1406 2454 1458 2486 est
1488 2453 1530 2485 T³

117 2507 160 2540 27
179 2506 276 2540 fidua
298 2507 330 2540 T
374 2506 419 2539 29
438 2505 625 2549 acciperet]
651 2507 690 2547 -]-
711 2505 779 2540 sibi
796 2505 832 2539 in
859 2506 933 2539 EK
979 2505 1146 2549 respondi
1163 2507 1203 2539 K
1208 2504 1235 2544 ¹;
1256 2507 1296 2546 —l-
1317 2508 1437 2539 autem
1454 2505 1533 2540 ΕΚ

118 2560 159 2594 31
188 2558 359 2603 accipere]
380 2561 419 2598 —†-
441 2558 548 2592 simul
565 2559 640 2593 EK
689 2559 734 2592 32
760 2558 915 2593 multum
941 2569 1023 2593 eum
1041 2560 1078 2592 K
1126 2558 1171 2592 33
1189 2558 1273 2602 quia
1290 2569 1372 2592 ecce
1388 2557 1527 2591 nullum

116 2611 249 2653 habeo;
275 2612 382 2647 modo
408 2612 484 2646 ΕΚ
