<?xml version="1.0" encoding="UTF-8"?>
<!DOCTYPE html PUBLIC "-//W3C//DTD XHTML 1.0 Transitional//EN"
    "http://www.w3.org/TR/xhtml1/DTD/xhtml1-transitional.dtd">
<html xmlns="http://www.w3.org/1999/xhtml" xml:lang="en" lang="en">
 <head>
  <title>
</title>
<meta http-equiv="Content-Type" content="text/html;charset=utf-8" />
  <meta name='ocr-system' content='tesseract 3.04.00' />
  <meta name='ocr-capabilities' content='ocr_page ocr_carea ocr_par ocr_line ocrx_word'/>
</head>
<body>
  <div class='ocr_page' id='page_1' title='image "./liberdemiraculis00joanuoft_0081.png"; bbox 0 0 1834 2967; ppageno 0'>
   <div class='ocr_carea' id='block_1_1' title="bbox 674 131 936 168">
    <p class='ocr_par' dir='ltr' id='par_1_1' title="bbox 674 131 936 168">
     <span class='ocr_line' id='line_1_1' title="bbox 674 131 936 168; baseline 0 -13"><span class='ocrx_word' id='word_1_1' title='bbox 674 131 936 168; x_wconf 69' lang='lat'><strong>—47—</strong></span> 
     </span>
    </p>
   </div>
   <div class='ocr_carea' id='block_1_2' title="bbox 99 254 1657 2196">
    <p class='ocr_par' dir='ltr' id='par_1_2' title="bbox 99 254 1513 478">
     <span class='ocr_line' id='line_1_2' title="bbox 101 254 1513 305; baseline 0.001 -14"><span class='ocrx_word' id='word_1_2' title='bbox 101 266 191 292; x_wconf 87' lang='lat' dir='ltr'>uero</span> <span class='ocrx_word' id='word_1_3' title='bbox 221 254 340 292; x_wconf 86' lang='lat' dir='ltr'>creuit</span> <span class='ocrx_word' id='word_1_4' title='bbox 369 255 463 292; x_wconf 89' lang='lat' dir='ltr'>odor</span> <span class='ocrx_word' id='word_1_5' title='bbox 490 254 561 301; x_wconf 86' lang='lat' dir='ltr'>ille,</span> <span class='ocrx_word' id='word_1_6' title='bbox 591 261 632 293; x_wconf 90' lang='lat' dir='ltr'>ut</span> <span class='ocrx_word' id='word_1_7' title='bbox 652 255 889 305; x_wconf 81' lang='lat' dir='ltr'>replerentur</span> <span class='ocrx_word' id='word_1_8' title='bbox 919 268 1055 292; x_wconf 81' lang='lat' dir='ltr'>omnes</span> <span class='ocrx_word' id='word_1_9' title='bbox 1085 268 1130 292; x_wconf 82' lang='lat' dir='ltr'>ex</span> <span class='ocrx_word' id='word_1_10' title='bbox 1161 268 1205 292; x_wconf 83' lang='lat' dir='ltr'>eo</span> <span class='ocrx_word' id='word_1_11' title='bbox 1235 260 1269 292; x_wconf 87' lang='lat' dir='ltr'>et</span> <span class='ocrx_word' id='word_1_12' title='bbox 1289 257 1407 292; x_wconf 82' lang='lat' dir='ltr'>eciam</span> <span class='ocrx_word' id='word_1_13' title='bbox 1435 259 1513 292; x_wconf 88' lang='lat' dir='ltr'>tota</span> 
     </span>
     <span class='ocr_line' id='line_1_3' title="bbox 99 312 1513 360; baseline 0.001 -10"><span class='ocrx_word' id='word_1_14' title='bbox 99 314 237 351; x_wconf 81' lang='lat' dir='ltr'>domus</span> <span class='ocrx_word' id='word_1_15' title='bbox 271 312 343 352; x_wconf 83' lang='lat' dir='ltr'>illa.</span> <span class='ocrx_word' id='word_1_16' title='bbox 402 313 640 352; x_wconf 79' lang='lat' dir='ltr'>Mirabantur</span> <span class='ocrx_word' id='word_1_17' title='bbox 678 319 806 352; x_wconf 86' lang='lat' dir='ltr'>autem</span> <span class='ocrx_word' id='word_1_18' title='bbox 836 326 984 360; x_wconf 84' lang='lat' dir='ltr'>omnes,</span> <span class='ocrx_word' id='word_1_19' title='bbox 1024 313 1238 352; x_wconf 84' lang='lat' dir='ltr'>nescientes</span> <span class='ocrx_word' id='word_1_20' title='bbox 1275 314 1378 351; x_wconf 91' lang='lat' dir='ltr'>unde</span> <span class='ocrx_word' id='word_1_21' title='bbox 1413 318 1513 352; x_wconf 89' lang='lat' dir='ltr'>esset</span> 
     </span>
     <span class='ocr_line' id='line_1_4' title="bbox 99 371 1512 422; baseline 0.001 -13"><span class='ocrx_word' id='word_1_22' title='bbox 99 376 204 409; x_wconf 83' lang='lat' dir='ltr'>tanta</span> <span class='ocrx_word' id='word_1_23' title='bbox 250 371 471 422; x_wconf 74' lang='lat' dir='ltr'>fraglantia*</span> <span class='ocrx_word' id='word_1_24' title='bbox 519 373 658 412; x_wconf 87' lang='lat' dir='ltr'>odoris.</span> <span class='ocrx_word' id='word_1_25' title='bbox 720 372 951 411; x_wconf 88' lang='lat' dir='ltr'>Estimantes</span> <span class='ocrx_word' id='word_1_26' title='bbox 1000 385 1093 410; x_wconf 87' lang='lat' dir='ltr'>uero</span> <span class='ocrx_word' id='word_1_27' title='bbox 1141 373 1241 422; x_wconf 89' lang='lat' dir='ltr'>quod</span> <span class='ocrx_word' id='word_1_28' title='bbox 1288 385 1334 411; x_wconf 81' lang='lat' dir='ltr'>ex</span> <span class='ocrx_word' id='word_1_29' title='bbox 1378 371 1512 411; x_wconf 87' lang='lat' dir='ltr'>uicinis</span> 
     </span>
     <span class='ocr_line' id='line_1_5' title="bbox 99 430 1512 478; baseline 0.001 -10"><span class='ocrx_word' id='word_1_30' title='bbox 99 430 396 469; x_wconf 87' lang='lat' dir='ltr'>christianorum</span> <span class='ocrx_word' id='word_1_31' title='bbox 417 432 596 470; x_wconf 84' lang='lat' dir='ltr'>domibus</span> <span class='ocrx_word' id='word_1_32' title='bbox 615 432 690 470; x_wconf 90' lang='lat' dir='ltr'>hoc</span> <span class='ocrx_word' id='word_1_33' title='bbox 710 435 822 478; x_wconf 85' lang='lat' dir='ltr'>esset,</span> <span class='ocrx_word' id='word_1_34' title='bbox 852 431 1075 469; x_wconf 86' lang='lat' dir='ltr'>clauserunt</span> <span class='ocrx_word' id='word_1_35' title='bbox 1094 430 1230 469; x_wconf 89' lang='lat' dir='ltr'>ianuas</span> <span class='ocrx_word' id='word_1_36' title='bbox 1251 435 1287 469; x_wconf 90' lang='lat' dir='ltr'>et</span> <span class='ocrx_word' id='word_1_37' title='bbox 1306 431 1512 477; x_wconf 86' lang='lat' dir='ltr'>fenestras;</span> 
     </span>
    </p>

    <p class='ocr_par' dir='ltr' id='par_1_3' title="bbox 99 488 1657 893">
     <span class='ocr_line' id='line_1_6' title="bbox 99 488 1627 540; baseline 0 -13"><span class='ocrx_word' id='word_1_38' title='bbox 99 490 165 527; x_wconf 85' lang='lat' dir='ltr'>sed</span> <span class='ocrx_word' id='word_1_39' title='bbox 195 490 288 528; x_wconf 91' lang='lat' dir='ltr'>odor</span> <span class='ocrx_word' id='word_1_40' title='bbox 308 488 322 540; x_wconf 92' lang='grc' dir='ltr'>ΙΙ</span> <span class='ocrx_word' id='word_1_41' title='bbox 343 489 403 527; x_wconf 90' lang='lat' dir='ltr'>ille</span> <span class='ocrx_word' id='word_1_42' title='bbox 431 490 553 540; x_wconf 87' lang='lat' dir='ltr'>magis</span> <span class='ocrx_word' id='word_1_43' title='bbox 573 503 618 528; x_wconf 88' lang='lat' dir='ltr'>ac</span> <span class='ocrx_word' id='word_1_44' title='bbox 645 489 767 540; x_wconf 87' lang='lat' dir='ltr'>magis</span> <span class='ocrx_word' id='word_1_45' title='bbox 786 490 992 528; x_wconf 85' lang='lat' dir='ltr'>redolebat.</span> <span class='ocrx_word' id='word_1_46' title='bbox 1035 489 1147 527; x_wconf 89' lang='lat' dir='ltr'>Tunc</span> <span class='ocrx_word' id='word_1_47' title='bbox 1175 494 1359 539; x_wconf 87' lang='lat' dir='ltr'>ceperunt</span> <span class='ocrx_word' id='word_1_48' title='bbox 1379 502 1513 527; x_wconf 84' lang='lat' dir='ltr'>omnes</span> <span class='ocrx_word' id='word_1_49' title='bbox 1540 494 1568 527; x_wconf 90' lang='lat' dir='ltr'>T</span> <span class='ocrx_word' id='word_1_50' title='bbox 1579 494 1627 527; x_wconf 78' lang='lat'>58</span> 
     </span>
     <span class='ocr_line' id='line_1_7' title="bbox 99 548 1513 597; baseline -0.001 -11"><span class='ocrx_word' id='word_1_51' title='bbox 99 550 160 586; x_wconf 88' lang='lat' dir='ltr'>se*</span> <span class='ocrx_word' id='word_1_52' title='bbox 189 548 354 587; x_wconf 89' lang='lat' dir='ltr'>inuicem</span> <span class='ocrx_word' id='word_1_53' title='bbox 386 549 552 596; x_wconf 81' lang='lat' dir='ltr'>odorari3</span> <span class='ocrx_word' id='word_1_54' title='bbox 587 554 623 587; x_wconf 87' lang='lat' dir='ltr'>et</span> <span class='ocrx_word' id='word_1_55' title='bbox 651 549 690 586; x_wconf 93' lang='lat' dir='ltr'>in</span> <span class='ocrx_word' id='word_1_56' title='bbox 720 548 825 587; x_wconf 89' lang='lat' dir='ltr'>nullo</span> <span class='ocrx_word' id='word_1_57' title='bbox 853 548 1006 586; x_wconf 88' lang='lat' dir='ltr'>illorum</span> <span class='ocrx_word' id='word_1_58' title='bbox 1034 548 1238 587; x_wconf 85' lang='lat' dir='ltr'>inuentum</span> <span class='ocrx_word' id='word_1_59' title='bbox 1278 553 1335 586; x_wconf 89' lang='lat' dir='ltr'>est</span> <span class='ocrx_word' id='word_1_60' title='bbox 1372 548 1513 597; x_wconf 78' lang='lat' dir='ltr'>aliquot</span> 
     </span>
     <span class='ocr_line' id='line_1_8' title="bbox 99 606 1513 658; baseline -0.001 -13"><span class='ocrx_word' id='word_1_61' title='bbox 99 607 253 657; x_wconf 88' lang='lat' dir='ltr'>signum</span> <span class='ocrx_word' id='word_1_62' title='bbox 283 608 420 654; x_wconf 82' lang='lat' dir='ltr'>odoris,</span> <span class='ocrx_word' id='word_1_63' title='bbox 450 609 516 646; x_wconf 90' lang='lat' dir='ltr'>sed</span> <span class='ocrx_word' id='word_1_64' title='bbox 536 607 694 658; x_wconf 86' lang='lat' dir='ltr'>putoris.</span> <span class='ocrx_word' id='word_1_65' title='bbox 752 607 850 646; x_wconf 84' lang='lat' dir='ltr'>Cum</span> <span class='ocrx_word' id='word_1_66' title='bbox 879 613 1009 646; x_wconf 87' lang='lat' dir='ltr'>autem</span> <span class='ocrx_word' id='word_1_67' title='bbox 1028 606 1175 645; x_wconf 87' lang='lat' dir='ltr'>odorati</span> <span class='ocrx_word' id='word_1_68' title='bbox 1205 613 1334 645; x_wconf 83' lang='lat' dir='ltr'>essent</span> <span class='ocrx_word' id='word_1_69' title='bbox 1353 620 1513 657; x_wconf 79' lang='lat' dir='ltr'>puerum</span> 
     </span>
     <span class='ocr_line' id='line_1_9' title="bbox 99 665 1513 717; baseline 0 -14"><span class='ocrx_word' id='word_1_70' title='bbox 99 666 219 713; x_wconf 87' lang='lat' dir='ltr'>illum,</span> <span class='ocrx_word' id='word_1_71' title='bbox 257 666 439 705; x_wconf 88' lang='lat' dir='ltr'>inuentus</span> <span class='ocrx_word' id='word_1_72' title='bbox 479 672 536 705; x_wconf 87' lang='lat' dir='ltr'>est</span> <span class='ocrx_word' id='word_1_73' title='bbox 569 681 592 705; x_wconf 92' lang='lat' dir='ltr'>a</span> <span class='ocrx_word' id='word_1_74' title='bbox 619 667 740 717; x_wconf 86' lang='lat' dir='ltr'>capite</span> <span class='ocrx_word' id='word_1_75' title='bbox 778 679 900 716; x_wconf 90' lang='lat' dir='ltr'>usque</span> <span class='ocrx_word' id='word_1_76' title='bbox 937 667 984 705; x_wconf 86' lang='lat' dir='ltr'>ad</span> <span class='ocrx_word' id='word_1_77' title='bbox 1020 667 1135 716; x_wconf 89' lang='lat' dir='ltr'>pedes</span> <span class='ocrx_word' id='word_1_78' title='bbox 1165 665 1217 704; x_wconf 90' lang='lat' dir='ltr'>sic</span> <span class='ocrx_word' id='word_1_79' title='bbox 1255 666 1366 712; x_wconf 88' lang='lat' dir='ltr'>olere,</span> <span class='ocrx_word' id='word_1_80' title='bbox 1407 665 1513 714; x_wconf 86' lang='lat' dir='ltr'>quasi</span> 
     </span>
     <span class='ocr_line' id='line_1_10' title="bbox 100 725 1657 776; baseline -0.001 -13"><span class='ocrx_word' id='word_1_81' title='bbox 100 726 234 763; x_wconf 86' lang='lat' dir='ltr'>eadem</span> <span class='ocrx_word' id='word_1_82' title='bbox 274 726 369 763; x_wconf 87' lang='lat' dir='ltr'>hora</span> <span class='ocrx_word' id='word_1_83' title='bbox 405 725 536 764; x_wconf 87' lang='lat' dir='ltr'>fuisset</span> <span class='ocrx_word' id='word_1_84' title='bbox 576 730 784 776; x_wconf 89' lang='lat' dir='ltr'>perunctus</span> <span class='ocrx_word' id='word_1_85' title='bbox 822 730 1044 775; x_wconf 57' lang='lat' dir='ltr'>unguenzito</span> <span class='ocrx_word' id='word_1_86' title='bbox 1078 725 1265 775; x_wconf 89' lang='lat' dir='ltr'>precioso.</span> <span class='ocrx_word' id='word_1_87' title='bbox 1322 725 1657 775; x_wconf 75' lang='lat' dir='ltr'>Cepe1·u1]tE14-5v</span> 
     </span>
     <span class='ocr_line' id='line_1_11' title="bbox 99 782 1640 834; baseline 0 -13"><span class='ocrx_word' id='word_1_88' title='bbox 99 796 189 832; x_wconf 84' lang='lat' dir='ltr'>ergo</span> <span class='ocrx_word' id='word_1_89' title='bbox 218 797 304 822; x_wconf 87' lang='lat' dir='ltr'>eum</span> <span class='ocrx_word' id='word_1_90' title='bbox 339 783 575 834; x_wconf 85' lang='lat' dir='ltr'>interrogare</span> <span class='ocrx_word' id='word_1_91' title='bbox 612 789 649 823; x_wconf 87' lang='lat' dir='ltr'>et</span> <span class='ocrx_word' id='word_1_92' title='bbox 686 785 875 834; x_wconf 83' lang='lat' dir='ltr'>flagellare</span> <span class='ocrx_word' id='word_1_93' title='bbox 905 783 994 833; x_wconf 91' lang='lat' dir='ltr'>quid</span> <span class='ocrx_word' id='word_1_94' title='bbox 1036 784 1184 834; x_wconf 82' lang='lat' dir='ltr'>egisset.</span> <span class='ocrx_word' id='word_1_95' title='bbox 1207 782 1222 833; x_wconf 84' lang='grc' dir='ltr'>Η</span> <span class='ocrx_word' id='word_1_96' title='bbox 1242 784 1344 822; x_wconf 85' lang='lat' dir='ltr'>Puer</span> <span class='ocrx_word' id='word_1_97' title='bbox 1385 789 1514 821; x_wconf 86' lang='lat' dir='ltr'>autem</span> <span class='ocrx_word' id='word_1_98' title='bbox 1539 788 1640 821; x_wconf 67' lang='lat' dir='ltr'>567v</span> 
     </span>
     <span class='ocr_line' id='line_1_12' title="bbox 99 842 1154 893; baseline 0.001 -13"><span class='ocrx_word' id='word_1_99' title='bbox 99 842 299 881; x_wconf 86' lang='lat' dir='ltr'>exterritus</span> <span class='ocrx_word' id='word_1_100' title='bbox 329 843 524 882; x_wconf 87' lang='lat' dir='ltr'>enarrauit</span> <span class='ocrx_word' id='word_1_101' title='bbox 552 846 606 882; x_wconf 76' lang='lat' dir='ltr'>eis</span> <span class='ocrx_word' id='word_1_102' title='bbox 634 857 709 893; x_wconf 90' lang='lat' dir='ltr'>que</span> <span class='ocrx_word' id='word_1_103' title='bbox 738 857 826 882; x_wconf 91' lang='lat' dir='ltr'>cum</span> <span class='ocrx_word' id='word_1_104' title='bbox 855 843 985 893; x_wconf 87' lang='lat' dir='ltr'>pueris</span> <span class='ocrx_word' id='word_1_105' title='bbox 1015 848 1154 892; x_wconf 78' lang='lat' dir='ltr'>egerat.</span> 
     </span>
    </p>

    <p class='ocr_par' dir='ltr' id='par_1_4' title="bbox 100 901 1516 1067">
     <span class='ocr_line' id='line_1_13' title="bbox 206 901 1516 952; baseline -0.001 -13"><span class='ocrx_word' id='word_1_106' title='bbox 206 901 316 940; x_wconf 91' lang='lat' dir='ltr'>Tunc</span> <span class='ocrx_word' id='word_1_107' title='bbox 344 901 464 941; x_wconf 81' lang='lat' dir='ltr'>inflati</span> <span class='ocrx_word' id='word_1_108' title='bbox 501 917 523 941; x_wconf 84' lang='lat' dir='ltr'>a</span> <span class='ocrx_word' id='word_1_109' title='bbox 551 903 703 941; x_wconf 88' lang='lat' dir='ltr'>diabolo</span> <span class='ocrx_word' id='word_1_110' title='bbox 737 903 884 952; x_wconf 86' lang='lat' dir='ltr'>absque</span> <span class='ocrx_word' id='word_1_111' title='bbox 914 901 1174 941; x_wconf 81' lang='lat' dir='ltr'>misericordia</span> <span class='ocrx_word' id='word_1_112' title='bbox 1209 915 1298 940; x_wconf 88' lang='lat' dir='ltr'>eum</span> <span class='ocrx_word' id='word_1_113' title='bbox 1333 906 1516 951; x_wconf 81' lang='lat' dir='ltr'>ceperunt</span> 
     </span>
     <span class='ocr_line' id='line_1_14' title="bbox 100 960 1515 1012; baseline -0.001 -14"><span class='ocrx_word' id='word_1_114' title='bbox 100 960 246 1007; x_wconf 77' lang='lat' dir='ltr'>cedere,</span> <span class='ocrx_word' id='word_1_115' title='bbox 281 960 450 1000; x_wconf 87' lang='lat' dir='ltr'>dicentes</span> <span class='ocrx_word' id='word_1_116' title='bbox 484 962 523 1000; x_wconf 90' lang='lat' dir='ltr'>in</span> <span class='ocrx_word' id='word_1_117' title='bbox 554 961 786 1012; x_wconf 87' lang='lat' dir='ltr'>semetipsis:</span> <span class='ocrx_word' id='word_1_118' title='bbox 831 962 872 1000; x_wconf 88' lang='lat' dir='ltr'>Si</span> <span class='ocrx_word' id='word_1_119' title='bbox 901 961 1151 1000; x_wconf 87' lang='lat' dir='ltr'>occiderimus</span> <span class='ocrx_word' id='word_1_120' title='bbox 1187 973 1275 998; x_wconf 91' lang='lat' dir='ltr'>eum</span> <span class='ocrx_word' id='word_1_121' title='bbox 1310 965 1345 998; x_wconf 92' lang='lat' dir='ltr'>et</span> <span class='ocrx_word' id='word_1_122' title='bbox 1380 966 1515 997; x_wconf 81' lang='lat' dir='ltr'>notum</span> 
     </span>
     <span class='ocr_line' id='line_1_15' title="bbox 100 1019 1355 1067; baseline 0.001 -10"><span class='ocrx_word' id='word_1_123' title='bbox 100 1020 242 1057; x_wconf 86' lang='lat' dir='ltr'>factum</span> <span class='ocrx_word' id='word_1_124' title='bbox 284 1020 406 1067; x_wconf 80' lang='lat' dir='ltr'>suerit,</span> <span class='ocrx_word' id='word_1_125' title='bbox 449 1027 490 1059; x_wconf 84' lang='lat' dir='ltr'>ut</span> <span class='ocrx_word' id='word_1_126' title='bbox 531 1021 721 1060; x_wconf 85' lang='lat' dir='ltr'>homicide</span> <span class='ocrx_word' id='word_1_127' title='bbox 759 1021 1033 1060; x_wconf 85' lang='lat' dir='ltr'>interficiemur</span> <span class='ocrx_word' id='word_1_128' title='bbox 1068 1034 1090 1058; x_wconf 90' lang='lat' dir='ltr'>a</span> <span class='ocrx_word' id='word_1_129' title='bbox 1125 1019 1355 1058; x_wconf 86' lang='lat' dir='ltr'>christianis.</span> 
     </span>
    </p>

    <p class='ocr_par' dir='ltr' id='par_1_5' title="bbox 100 1077 1642 1780">
     <span class='ocr_line' id='line_1_16' title="bbox 210 1077 1595 1129; baseline -0.001 -12"><span class='ocrx_word' id='word_1_130' title='bbox 210 1078 485 1129; x_wconf 87' lang='lat' dir='ltr'>Cognouerunt</span> <span class='ocrx_word' id='word_1_131' title='bbox 513 1093 604 1119; x_wconf 86' lang='lat' dir='ltr'>uero</span> <span class='ocrx_word' id='word_1_132' title='bbox 624 1079 892 1119; x_wconf 88' lang='lat' dir='ltr'>huiuscemodi</span> <span class='ocrx_word' id='word_1_133' title='bbox 921 1079 1126 1118; x_wconf 89' lang='lat' dir='ltr'>consilium</span> <span class='ocrx_word' id='word_1_134' title='bbox 1145 1078 1386 1125; x_wconf 86' lang='lat' dir='ltr'>diabolicum,</span> <span class='ocrx_word' id='word_1_135' title='bbox 1417 1078 1514 1117; x_wconf 86' lang='lat' dir='ltr'>sicut</span> <span class='ocrx_word' id='word_1_136' title='bbox 1548 1077 1595 1114; x_wconf 78' lang='lat'>15</span> 
     </span>
     <span class='ocr_line' id='line_1_17' title="bbox 101 1137 1516 1190; baseline 0.001 -15"><span class='ocrx_word' id='word_1_137' title='bbox 101 1137 278 1188; x_wconf 85' lang='lat' dir='ltr'>princeps</span> <span class='ocrx_word' id='word_1_138' title='bbox 300 1138 497 1177; x_wconf 90' lang='lat' dir='ltr'>homicidii</span> <span class='ocrx_word' id='word_1_139' title='bbox 526 1139 634 1187; x_wconf 81' lang='lat' dir='ltr'>Cain,</span> <span class='ocrx_word' id='word_1_140' title='bbox 663 1153 710 1178; x_wconf 79' lang='lat' dir='ltr'>ex</span> <span class='ocrx_word' id='word_1_141' title='bbox 739 1140 846 1178; x_wconf 86' lang='lat' dir='ltr'>cuius</span> <span class='ocrx_word' id='word_1_142' title='bbox 878 1139 994 1190; x_wconf 86' lang='lat' dir='ltr'>stirpe</span> <span class='ocrx_word' id='word_1_143' title='bbox 1023 1139 1302 1177; x_wconf 81' lang='lat' dir='ltr'>descenderant</span> <span class='ocrx_word' id='word_1_144' title='bbox 1331 1143 1516 1187; x_wconf 82' lang='lat' dir='ltr'>erantque</span> 
     </span>
     <span class='ocr_line' id='line_1_18' title="bbox 100 1196 1516 1249; baseline 0.001 -16"><span class='ocrx_word' id='word_1_145' title='bbox 100 1196 273 1235; x_wconf 88' lang='lat' dir='ltr'>heredes.</span> <span class='ocrx_word' id='word_1_146' title='bbox 295 1197 386 1236; x_wconf 86' lang='lat' dir='ltr'>Erat</span> <span class='ocrx_word' id='word_1_147' title='bbox 400 1203 529 1237; x_wconf 90' lang='lat' dir='ltr'>autem</span> <span class='ocrx_word' id='word_1_148' title='bbox 543 1199 725 1237; x_wconf 90' lang='lat' dir='ltr'>balneum</span> <span class='ocrx_word' id='word_1_149' title='bbox 741 1199 939 1249; x_wconf 87' lang='lat' dir='ltr'>publicum</span> <span class='ocrx_word' id='word_1_150' title='bbox 954 1198 994 1236; x_wconf 89' lang='lat' dir='ltr'>in</span> <span class='ocrx_word' id='word_1_151' title='bbox 1008 1198 1093 1237; x_wconf 91' lang='lat' dir='ltr'>loco</span> <span class='ocrx_word' id='word_1_152' title='bbox 1108 1197 1170 1236; x_wconf 85' lang='lat' dir='ltr'>illo</span> <span class='ocrx_word' id='word_1_153' title='bbox 1187 1203 1222 1235; x_wconf 90' lang='lat' dir='ltr'>et</span> <span class='ocrx_word' id='word_1_154' title='bbox 1237 1210 1420 1235; x_wconf 86' lang='lat' dir='ltr'>accensor</span> <span class='ocrx_word' id='word_1_155' title='bbox 1434 1196 1516 1235; x_wconf 86' lang='lat' dir='ltr'>eius</span> 
     </span>
     <span class='ocr_line' id='line_1_19' title="bbox 102 1255 1517 1307; baseline 0.001 -14"><span class='ocrx_word' id='word_1_156' title='bbox 102 1260 182 1293; x_wconf 87' lang='lat' dir='ltr'>erat</span> <span class='ocrx_word' id='word_1_157' title='bbox 210 1257 376 1295; x_wconf 87' lang='lat' dir='ltr'>hebreus</span> <span class='ocrx_word' id='word_1_158' title='bbox 406 1263 666 1307; x_wconf 87' lang='lat' dir='ltr'>cognatusque</span> <span class='ocrx_word' id='word_1_159' title='bbox 695 1258 848 1297; x_wconf 88' lang='lat' dir='ltr'>illorum</span> <span class='ocrx_word' id='word_1_160' title='bbox 878 1264 914 1296; x_wconf 91' lang='lat' dir='ltr'>et</span> <span class='ocrx_word' id='word_1_161' title='bbox 942 1257 1160 1296; x_wconf 87' lang='lat' dir='ltr'>communis</span> <span class='ocrx_word' id='word_1_162' title='bbox 1190 1256 1230 1294; x_wconf 88' lang='lat' dir='ltr'>in</span> <span class='ocrx_word' id='word_1_163' title='bbox 1260 1257 1344 1295; x_wconf 85' lang='lat' dir='ltr'>fide.</span> <span class='ocrx_word' id='word_1_164' title='bbox 1401 1255 1517 1294; x_wconf 85' lang='lat' dir='ltr'>Hunc</span> 
     </span>
     <span class='ocr_line' id='line_1_20' title="bbox 101 1314 1642 1367; baseline 0 -15"><span class='ocrx_word' id='word_1_165' title='bbox 101 1321 362 1354; x_wconf 88' lang='lat' dir='ltr'>conuocantes</span> <span class='ocrx_word' id='word_1_166' title='bbox 391 1317 536 1355; x_wconf 88' lang='lat' dir='ltr'>occulte</span> <span class='ocrx_word' id='word_1_167' title='bbox 555 1323 814 1356; x_wconf 87' lang='lat' dir='ltr'>narrauerunt</span> <span class='ocrx_word' id='word_1_168' title='bbox 842 1317 876 1356; x_wconf 94' lang='lat' dir='ltr'>ei</span> <span class='ocrx_word' id='word_1_169' title='bbox 904 1316 1035 1356; x_wconf 89' lang='lat' dir='ltr'>omnia</span> <span class='ocrx_word' id='word_1_170' title='bbox 1055 1330 1128 1366; x_wconf 90' lang='lat' dir='ltr'>que</span> <span class='ocrx_word' id='word_1_171' title='bbox 1148 1317 1187 1355; x_wconf 90' lang='lat' dir='ltr'>in</span> <span class='ocrx_word' id='word_1_172' title='bbox 1211 1329 1328 1367; x_wconf 88' lang='lat' dir='ltr'>puero</span> <span class='ocrx_word' id='word_1_173' title='bbox 1357 1321 1462 1365; x_wconf 85' lang='lat' dir='ltr'>gesta</span> <span class='ocrx_word' id='word_1_174' title='bbox 1483 1314 1498 1366; x_wconf 88' lang='grc' dir='ltr'>ΙΙ</span> <span class='ocrx_word' id='word_1_175' title='bbox 1535 1318 1642 1352; x_wconf 76' lang='lat' dir='ltr'><strong>ES7v</strong></span> 
     </span>
     <span class='ocr_line' id='line_1_21' title="bbox 101 1373 1595 1427; baseline 0.001 -16"><span class='ocrx_word' id='word_1_176' title='bbox 101 1373 263 1413; x_wconf 85' lang='lat' dir='ltr'>fuerant.</span> <span class='ocrx_word' id='word_1_177' title='bbox 306 1374 352 1413; x_wconf 90' lang='lat' dir='ltr'>Et</span> <span class='ocrx_word' id='word_1_178' title='bbox 381 1377 516 1414; x_wconf 88' lang='lat' dir='ltr'>dantes</span> <span class='ocrx_word' id='word_1_179' title='bbox 536 1376 569 1415; x_wconf 91' lang='lat' dir='ltr'>ei</span> <span class='ocrx_word' id='word_1_180' title='bbox 598 1376 765 1426; x_wconf 85' lang='lat' dir='ltr'>aliquam</span> <span class='ocrx_word' id='word_1_181' title='bbox 785 1376 1003 1427; x_wconf 90' lang='lat' dir='ltr'>portionem</span> <span class='ocrx_word' id='word_1_182' title='bbox 1022 1376 1104 1415; x_wconf 88' lang='lat' dir='ltr'>auri</span> <span class='ocrx_word' id='word_1_183' title='bbox 1124 1376 1320 1414; x_wconf 85' lang='lat' dir='ltr'>dixerunt:</span> <span class='ocrx_word' id='word_1_184' title='bbox 1350 1375 1515 1422; x_wconf 85' lang='lat' dir='ltr'>Quando</span> <span class='ocrx_word' id='word_1_185' title='bbox 1545 1373 1595 1410; x_wconf 64' lang='lat'>220</span> 
     </span>
     <span class='ocr_line' id='line_1_22' title="bbox 101 1432 1516 1484; baseline 0.002 -15"><span class='ocrx_word' id='word_1_186' title='bbox 101 1432 264 1471; x_wconf 87' lang='lat' dir='ltr'>nimium</span> <span class='ocrx_word' id='word_1_187' title='bbox 292 1435 535 1474; x_wconf 87' lang='lat' dir='ltr'>succenderis</span> <span class='ocrx_word' id='word_1_188' title='bbox 571 1436 766 1475; x_wconf 87' lang='lat' dir='ltr'>fornacem</span> <span class='ocrx_word' id='word_1_189' title='bbox 802 1441 838 1474; x_wconf 90' lang='lat' dir='ltr'>et</span> <span class='ocrx_word' id='word_1_190' title='bbox 866 1435 1034 1474; x_wconf 90' lang='lat' dir='ltr'>uolueris</span> <span class='ocrx_word' id='word_1_191' title='bbox 1071 1449 1156 1474; x_wconf 92' lang='lat' dir='ltr'>eam</span> <span class='ocrx_word' id='word_1_192' title='bbox 1194 1435 1369 1474; x_wconf 89' lang='lat' dir='ltr'>claudere</span> <span class='ocrx_word' id='word_1_193' title='bbox 1403 1438 1516 1484; x_wconf 90' lang='lat' dir='ltr'>atque</span> 
     </span>
     <span class='ocr_line' id='line_1_23' title="bbox 101 1491 1516 1544; baseline 0.001 -15"><span class='ocrx_word' id='word_1_194' title='bbox 101 1491 222 1538; x_wconf 90' lang='lat' dir='ltr'>linire,</span> <span class='ocrx_word' id='word_1_195' title='bbox 262 1493 444 1544; x_wconf 86' lang='lat' dir='ltr'>precipita</span> <span class='ocrx_word' id='word_1_196' title='bbox 471 1508 560 1533; x_wconf 90' lang='lat' dir='ltr'>eum</span> <span class='ocrx_word' id='word_1_197' title='bbox 589 1496 642 1533; x_wconf 71' lang='lat' dir='ltr'>ibi</span> <span class='ocrx_word' id='word_1_198' title='bbox 676 1501 713 1534; x_wconf 92' lang='lat' dir='ltr'>et</span> <span class='ocrx_word' id='word_1_199' title='bbox 741 1495 874 1534; x_wconf 90' lang='lat' dir='ltr'>claude</span> <span class='ocrx_word' id='word_1_200' title='bbox 903 1494 1112 1544; x_wconf 78' lang='lat' dir='ltr'>diligenter,</span> <span class='ocrx_word' id='word_1_201' title='bbox 1149 1499 1191 1532; x_wconf 85' lang='lat' dir='ltr'>ut</span> <span class='ocrx_word' id='word_1_202' title='bbox 1225 1493 1319 1532; x_wconf 89' lang='lat' dir='ltr'>cinis</span> <span class='ocrx_word' id='word_1_203' title='bbox 1354 1494 1419 1532; x_wconf 83' lang='lat' dir='ltr'>fiat</span> <span class='ocrx_word' id='word_1_204' title='bbox 1455 1493 1516 1531; x_wconf 93' lang='lat' dir='ltr'>ille</span> 
     </span>
     <span class='ocr_line' id='line_1_24' title="bbox 103 1550 1515 1604; baseline 0.001 -16"><span class='ocrx_word' id='word_1_205' title='bbox 103 1550 166 1600; x_wconf 88' lang='lat' dir='ltr'>qui</span> <span class='ocrx_word' id='word_1_206' title='bbox 195 1552 335 1591; x_wconf 86' lang='lat' dir='ltr'>dimisit</span> <span class='ocrx_word' id='word_1_207' title='bbox 363 1554 485 1603; x_wconf 87' lang='lat' dir='ltr'>legem</span> <span class='ocrx_word' id='word_1_208' title='bbox 515 1559 551 1593; x_wconf 88' lang='lat' dir='ltr'>et</span> <span class='ocrx_word' id='word_1_209' title='bbox 580 1555 695 1593; x_wconf 86' lang='lat' dir='ltr'>fidem</span> <span class='ocrx_word' id='word_1_210' title='bbox 715 1560 900 1593; x_wconf 87' lang='lat' dir='ltr'>nostram.</span> <span class='ocrx_word' id='word_1_211' title='bbox 954 1553 1111 1604; x_wconf 84' lang='lat' dir='ltr'>Recepit</span> <span class='ocrx_word' id='word_1_212' title='bbox 1139 1558 1267 1592; x_wconf 90' lang='lat' dir='ltr'>autem</span> <span class='ocrx_word' id='word_1_213' title='bbox 1290 1553 1350 1591; x_wconf 90' lang='lat' dir='ltr'>ille</span> <span class='ocrx_word' id='word_1_214' title='bbox 1378 1565 1515 1590; x_wconf 89' lang='lat' dir='ltr'>aurum</span> 
     </span>
     <span class='ocr_line' id='line_1_25' title="bbox 102 1610 1640 1666; baseline -0.001 -19"><span class='ocrx_word' id='word_1_215' title='bbox 102 1615 139 1648; x_wconf 89' lang='lat' dir='ltr'>et</span> <span class='ocrx_word' id='word_1_216' title='bbox 166 1611 261 1649; x_wconf 91' lang='lat' dir='ltr'>hora</span> <span class='ocrx_word' id='word_1_217' title='bbox 290 1613 495 1652; x_wconf 84' lang='lat' dir='ltr'>constituta</span> <span class='ocrx_word' id='word_1_218' title='bbox 524 1613 699 1652; x_wconf 86' lang='lat' dir='ltr'>tollentes</span> <span class='ocrx_word' id='word_1_219' title='bbox 735 1627 898 1664; x_wconf 89' lang='lat' dir='ltr'>puerum</span> <span class='ocrx_word' id='word_1_220' title='bbox 926 1614 1165 1652; x_wconf 88' lang='lat' dir='ltr'>tradiderunt</span> <span class='ocrx_word' id='word_1_221' title='bbox 1194 1612 1240 1651; x_wconf 91' lang='lat' dir='ltr'>ei.</span> <span class='ocrx_word' id='word_1_222' title='bbox 1274 1610 1288 1662; x_wconf 89' lang='grc' dir='ltr'>ΙΙ</span> <span class='ocrx_word' id='word_1_223' title='bbox 1315 1612 1440 1666; x_wconf 87' lang='lat' dir='ltr'>Quem</span> <span class='ocrx_word' id='word_1_224' title='bbox 1475 1616 1516 1648; x_wconf 89' lang='lat' dir='ltr'>ut</span> <span class='ocrx_word' id='word_1_225' title='bbox 1533 1613 1640 1646; x_wconf 70' lang='lat' dir='ltr'><strong>K127</strong></span> 
     </span>
     <span class='ocr_line' id='line_1_26' title="bbox 103 1668 1594 1721; baseline -0.001 -14"><span class='ocrx_word' id='word_1_226' title='bbox 103 1669 257 1720; x_wconf 83' lang='lat' dir='ltr'>accepit,</span> <span class='ocrx_word' id='word_1_227' title='bbox 287 1671 391 1710; x_wconf 87' lang='lat' dir='ltr'>misit</span> <span class='ocrx_word' id='word_1_228' title='bbox 420 1685 510 1711; x_wconf 91' lang='lat' dir='ltr'>eum</span> <span class='ocrx_word' id='word_1_229' title='bbox 537 1672 577 1710; x_wconf 92' lang='lat' dir='ltr'>in</span> <span class='ocrx_word' id='word_1_230' title='bbox 599 1674 793 1711; x_wconf 84' lang='lat' dir='ltr'>fornacem</span> <span class='ocrx_word' id='word_1_231' title='bbox 823 1678 859 1711; x_wconf 92' lang='lat' dir='ltr'>et</span> <span class='ocrx_word' id='word_1_232' title='bbox 879 1672 1013 1711; x_wconf 84' lang='lat' dir='ltr'>clausit</span> <span class='ocrx_word' id='word_1_233' title='bbox 1033 1672 1232 1721; x_wconf 86' lang='lat' dir='ltr'>diligenter</span> <span class='ocrx_word' id='word_1_234' title='bbox 1260 1676 1374 1720; x_wconf 87' lang='lat' dir='ltr'>atque</span> <span class='ocrx_word' id='word_1_235' title='bbox 1393 1669 1516 1708; x_wconf 90' lang='lat' dir='ltr'>liniuit</span> <span class='ocrx_word' id='word_1_236' title='bbox 1545 1668 1594 1704; x_wconf 68' lang='lat'>25</span> 
     </span>
     <span class='ocr_line' id='line_1_27' title="bbox 103 1728 1640 1780; baseline -0.001 -14"><span class='ocrx_word' id='word_1_237' title='bbox 103 1734 139 1766; x_wconf 92' lang='lat' dir='ltr'>et</span> <span class='ocrx_word' id='word_1_238' title='bbox 167 1729 267 1768; x_wconf 85' lang='lat' dir='ltr'>abiit.</span> <span class='ocrx_word' id='word_1_239' title='bbox 289 1728 304 1780; x_wconf 85' lang='grc' dir='ltr'>Η</span> <span class='ocrx_word' id='word_1_240' title='bbox 1535 1731 1640 1765; x_wconf 72' lang='lat' dir='ltr'><strong>&#39;1‘5Sv</strong></span> 
     </span>
    </p>

    <p class='ocr_par' dir='ltr' id='par_1_6' title="bbox 103 1788 1596 2196">
     <span class='ocr_line' id='line_1_28' title="bbox 209 1788 1516 1840; baseline -0.003 -12"><span class='ocrx_word' id='word_1_241' title='bbox 209 1790 283 1828; x_wconf 89' lang='lat' dir='ltr'>Per</span> <span class='ocrx_word' id='word_1_242' title='bbox 312 1791 595 1840; x_wconf 85' lang='lat' dir='ltr'>prouidentiam</span> <span class='ocrx_word' id='word_1_243' title='bbox 634 1804 726 1830; x_wconf 87' lang='lat' dir='ltr'>uero</span> <span class='ocrx_word' id='word_1_244' title='bbox 764 1791 831 1830; x_wconf 91' lang='lat' dir='ltr'>Dei</span> <span class='ocrx_word' id='word_1_245' title='bbox 869 1790 907 1828; x_wconf 87' lang='lat' dir='ltr'>in</span> <span class='ocrx_word' id='word_1_246' title='bbox 947 1791 1113 1829; x_wconf 86' lang='lat' dir='ltr'>crastino</span> <span class='ocrx_word' id='word_1_247' title='bbox 1151 1789 1271 1827; x_wconf 88' lang='lat' dir='ltr'>uoluit</span> <span class='ocrx_word' id='word_1_248' title='bbox 1308 1801 1349 1828; x_wconf 91' lang='lat' dir='ltr'>se</span> <span class='ocrx_word' id='word_1_249' title='bbox 1386 1788 1516 1827; x_wconf 87' lang='lat' dir='ltr'>lauare</span> 
     </span>
     <span class='ocr_line' id='line_1_29' title="bbox 103 1848 1515 1899; baseline -0.001 -13"><span class='ocrx_word' id='word_1_250' title='bbox 103 1848 303 1899; x_wconf 86' lang='lat' dir='ltr'>episcopus</span> <span class='ocrx_word' id='word_1_251' title='bbox 333 1850 494 1889; x_wconf 86' lang='lat' dir='ltr'>ciuitatis</span> <span class='ocrx_word' id='word_1_252' title='bbox 528 1851 566 1888; x_wconf 88' lang='lat' dir='ltr'>in</span> <span class='ocrx_word' id='word_1_253' title='bbox 604 1851 742 1889; x_wconf 88' lang='lat' dir='ltr'>balneo</span> <span class='ocrx_word' id='word_1_254' title='bbox 777 1851 853 1889; x_wconf 92' lang='lat' dir='ltr'>illo.</span> <span class='ocrx_word' id='word_1_255' title='bbox 911 1850 1010 1888; x_wconf 90' lang='lat' dir='ltr'>Cum</span> <span class='ocrx_word' id='word_1_256' title='bbox 1044 1855 1172 1888; x_wconf 82' lang='lat' dir='ltr'>autem</span> <span class='ocrx_word' id='word_1_257' title='bbox 1210 1848 1380 1887; x_wconf 85' lang='lat' dir='ltr'>uenisset</span> <span class='ocrx_word' id='word_1_258' title='bbox 1416 1848 1515 1893; x_wconf 85' lang='lat' dir='ltr'>illuc,</span> 
     </span>
     <span class='ocr_line' id='line_1_30' title="bbox 104 1906 1516 1960; baseline -0.001 -15"><span class='ocrx_word' id='word_1_259' title='bbox 104 1908 252 1946; x_wconf 89' lang='lat' dir='ltr'>inuenit</span> <span class='ocrx_word' id='word_1_260' title='bbox 271 1908 361 1947; x_wconf 88' lang='lat' dir='ltr'>illud</span> <span class='ocrx_word' id='word_1_261' title='bbox 382 1910 435 1948; x_wconf 88' lang='lat' dir='ltr'>sic</span> <span class='ocrx_word' id='word_1_262' title='bbox 453 1909 644 1960; x_wconf 86' lang='lat' dir='ltr'>frigidum,</span> <span class='ocrx_word' id='word_1_263' title='bbox 675 1910 784 1959; x_wconf 90' lang='lat' dir='ltr'>quasi</span> <span class='ocrx_word' id='word_1_264' title='bbox 803 1922 882 1948; x_wconf 87' lang='lat' dir='ltr'>non</span> <span class='ocrx_word' id='word_1_265' title='bbox 902 1909 1058 1948; x_wconf 86' lang='lat' dir='ltr'>lauisset</span> <span class='ocrx_word' id='word_1_266' title='bbox 1084 1908 1248 1958; x_wconf 86' lang='lat' dir='ltr'>aliquem</span> <span class='ocrx_word' id='word_1_267' title='bbox 1269 1907 1308 1946; x_wconf 91' lang='lat' dir='ltr'>in</span> <span class='ocrx_word' id='word_1_268' title='bbox 1329 1906 1422 1945; x_wconf 83' lang='lat' dir='ltr'>illis*</span> <span class='ocrx_word' id='word_1_269' title='bbox 1442 1906 1516 1945; x_wconf 90' lang='lat' dir='ltr'>die·</span> 
     </span>
     <span class='ocr_line' id='line_1_31' title="bbox 104 1963 1596 2018; baseline -0.003 -13"><span class='ocrx_word' id='word_1_270' title='bbox 104 1967 188 2005; x_wconf 90' lang='lat' dir='ltr'>bus.</span> <span class='ocrx_word' id='word_1_271' title='bbox 241 1967 433 2014; x_wconf 88' lang='lat' dir='ltr'>Quoniam</span> <span class='ocrx_word' id='word_1_272' title='bbox 455 1969 558 2008; x_wconf 90' lang='lat' dir='ltr'>enim</span> <span class='ocrx_word' id='word_1_273' title='bbox 579 1970 828 2008; x_wconf 86' lang='lat' dir='ltr'>descenderat</span> <span class='ocrx_word' id='word_1_274' title='bbox 847 1969 1005 2018; x_wconf 86' lang='lat' dir='ltr'>angelus</span> <span class='ocrx_word' id='word_1_275' title='bbox 1026 1967 1181 2006; x_wconf 91' lang='lat' dir='ltr'>Domini</span> <span class='ocrx_word' id='word_1_276' title='bbox 1200 1967 1238 2005; x_wconf 86' lang='lat' dir='ltr'>in</span> <span class='ocrx_word' id='word_1_277' title='bbox 1260 1966 1515 2005; x_wconf 88' lang='lat' dir='ltr'>babilonicam</span> <span class='ocrx_word' id='word_1_278' title='bbox 1544 1963 1596 2000; x_wconf 84' lang='lat'>30</span> 
     </span>
     <span class='ocr_line' id='line_1_32' title="bbox 104 2026 1516 2078; baseline -0.001 -14"><span class='ocrx_word' id='word_1_279' title='bbox 104 2026 297 2065; x_wconf 84' lang='lat' dir='ltr'>fornacem</span> <span class='ocrx_word' id='word_1_280' title='bbox 327 2028 374 2066; x_wconf 88' lang='lat' dir='ltr'>ad</span> <span class='ocrx_word' id='word_1_281' title='bbox 405 2029 682 2078; x_wconf 88' lang='lat' dir='ltr'>protegendum</span> <span class='ocrx_word' id='word_1_282' title='bbox 710 2028 793 2066; x_wconf 90' lang='lat' dir='ltr'>illos</span> <span class='ocrx_word' id='word_1_283' title='bbox 822 2033 899 2066; x_wconf 91' lang='lat' dir='ltr'>tres</span> <span class='ocrx_word' id='word_1_284' title='bbox 928 2040 1079 2078; x_wconf 83' lang='lat' dir='ltr'>pueros,</span> <span class='ocrx_word' id='word_1_285' title='bbox 1109 2027 1190 2077; x_wconf 85' lang='lat' dir='ltr'>ipse</span> <span class='ocrx_word' id='word_1_286' title='bbox 1217 2032 1253 2064; x_wconf 92' lang='lat' dir='ltr'>et</span> <span class='ocrx_word' id='word_1_287' title='bbox 1281 2038 1368 2064; x_wconf 90' lang='lat' dir='ltr'>cum</span> <span class='ocrx_word' id='word_1_288' title='bbox 1398 2038 1516 2076; x_wconf 81' lang='lat' dir='ltr'>puero</span> 
     </span>
     <span class='ocr_line' id='line_1_33' title="bbox 105 2084 1515 2137; baseline -0.001 -14"><span class='ocrx_word' id='word_1_289' title='bbox 105 2086 176 2124; x_wconf 87' lang='lat' dir='ltr'>isto</span> <span class='ocrx_word' id='word_1_290' title='bbox 207 2086 401 2125; x_wconf 88' lang='lat' dir='ltr'>descendit</span> <span class='ocrx_word' id='word_1_291' title='bbox 421 2093 457 2125; x_wconf 91' lang='lat' dir='ltr'>et</span> <span class='ocrx_word' id='word_1_292' title='bbox 477 2088 674 2126; x_wconf 84' lang='lat' dir='ltr'>flammam</span> <span class='ocrx_word' id='word_1_293' title='bbox 695 2087 792 2137; x_wconf 89' lang='lat' dir='ltr'>ignis</span> <span class='ocrx_word' id='word_1_294' title='bbox 823 2087 983 2125; x_wconf 81' lang='lat' dir='ltr'>extinxit</span> <span class='ocrx_word' id='word_1_295' title='bbox 1002 2100 1080 2124; x_wconf 86' lang='lat' dir='ltr'>una</span> <span class='ocrx_word' id='word_1_296' title='bbox 1109 2099 1195 2124; x_wconf 88' lang='lat' dir='ltr'>cum</span> <span class='ocrx_word' id='word_1_297' title='bbox 1216 2085 1336 2135; x_wconf 85' lang='lat' dir='ltr'>gratia</span> <span class='ocrx_word' id='word_1_298' title='bbox 1352 2084 1515 2134; x_wconf 85' lang='lat' dir='ltr'>Spiritus</span> 
     </span>
     <span class='ocr_line' id='line_1_34' title="bbox 105 2145 692 2196; baseline 0.003 -13"><span class='ocrx_word' id='word_1_299' title='bbox 105 2145 227 2183; x_wconf 88' lang='lat' dir='ltr'>sancti</span> <span class='ocrx_word' id='word_1_300' title='bbox 255 2145 319 2194; x_wconf 88' lang='lat' dir='ltr'>qui</span> <span class='ocrx_word' id='word_1_301' title='bbox 347 2159 435 2184; x_wconf 79' lang='lat' dir='ltr'>eum</span> <span class='ocrx_word' id='word_1_302' title='bbox 464 2147 692 2196; x_wconf 84' lang='lat' dir='ltr'>perfuderat.</span> 
     </span>
    </p>
   </div>
   <div class='ocr_carea' id='block_1_3' title="bbox 106 2303 1523 2670">
    <p class='ocr_par' dir='ltr' id='par_1_7' title="bbox 106 2303 1523 2670">
     <span class='ocr_line' id='line_1_35' title="bbox 213 2303 1519 2341; baseline -0.004 0"><span class='ocrx_word' id='word_1_303' title='bbox 213 2308 233 2341; x_wconf 69' lang='lat'>2</span> <span class='ocrx_word' id='word_1_304' title='bbox 253 2311 288 2341; x_wconf 87' lang='lat' dir='ltr'>et</span> <span class='ocrx_word' id='word_1_305' title='bbox 305 2307 434 2341; x_wconf 84' lang='lat' dir='ltr'>domus</span> <span class='ocrx_word' id='word_1_306' title='bbox 452 2306 512 2340; x_wconf 90' lang='lat' dir='ltr'>illa</span> <span class='ocrx_word' id='word_1_307' title='bbox 528 2309 603 2340; x_wconf 82' lang='lat' dir='ltr'>tota</span> <span class='ocrx_word' id='word_1_308' title='bbox 620 2307 696 2340; x_wconf 87' lang='grc' dir='ltr'><em>ΕΚ</em></span> <span class='ocrx_word' id='word_1_309' title='bbox 742 2307 762 2339; x_wconf 80' lang='lat'><strong>3</strong></span> <span class='ocrx_word' id='word_1_310' title='bbox 780 2306 841 2340; x_wconf 85' lang='lat' dir='ltr'>sed</span> <span class='ocrx_word' id='word_1_311' title='bbox 860 2304 974 2339; x_wconf 86' lang='lat' dir='ltr'>estim.</span> <span class='ocrx_word' id='word_1_312' title='bbox 993 2305 1067 2338; x_wconf 88' lang='grc' dir='ltr'>ΕΚ</span> <span class='ocrx_word' id='word_1_313' title='bbox 1115 2306 1136 2338; x_wconf 85' lang='grc'>6</span> <span class='ocrx_word' id='word_1_314' title='bbox 1153 2303 1259 2338; x_wconf 89' lang='lat' dir='ltr'>inuic.</span> <span class='ocrx_word' id='word_1_315' title='bbox 1279 2314 1316 2337; x_wconf 88' lang='lat' dir='ltr'>se</span> <span class='ocrx_word' id='word_1_316' title='bbox 1333 2313 1458 2336; x_wconf 89' lang='lat' dir='ltr'>omnes</span> <span class='ocrx_word' id='word_1_317' title='bbox 1479 2304 1519 2336; x_wconf 83' lang='lat' dir='ltr'><strong><em>K</em></strong></span> 
     </span>
     <span class='ocr_line' id='line_1_36' title="bbox 107 2356 1523 2403; baseline -0.004 -8"><span class='ocrx_word' id='word_1_318' title='bbox 107 2361 206 2395; x_wconf 88' lang='lat' dir='ltr'>odori</span> <span class='ocrx_word' id='word_1_319' title='bbox 233 2359 358 2395; x_wconf 89' lang='lat' dir='ltr'><em>S¹BT</em></span> <span class='ocrx_word' id='word_1_320' title='bbox 417 2359 573 2403; x_wconf 86' lang='lat' dir='ltr'>aliquod]</span> <span class='ocrx_word' id='word_1_321' title='bbox 599 2361 743 2393; x_wconf 86' lang='lat' dir='ltr'><strong><em>BEKT</em></strong></span> <span class='ocrx_word' id='word_1_322' title='bbox 803 2359 824 2392; x_wconf 87' lang='lat'>8</span> <span class='ocrx_word' id='word_1_323' title='bbox 857 2359 888 2400; x_wconf 87' lang='lat' dir='ltr'>al</span> <span class='ocrx_word' id='word_1_324' title='bbox 915 2358 950 2392; x_wconf 90' lang='lat' dir='ltr'>in</span> <span class='ocrx_word' id='word_1_325' title='bbox 979 2359 1049 2391; x_wconf 88' lang='lat' dir='ltr'>BT</span> <span class='ocrx_word' id='word_1_326' title='bbox 1111 2358 1154 2391; x_wconf 87' lang='lat'>10</span> <span class='ocrx_word' id='word_1_327' title='bbox 1179 2356 1347 2399; x_wconf 84' lang='lat' dir='ltr'>interrog.</span> <span class='ocrx_word' id='word_1_328' title='bbox 1372 2367 1454 2390; x_wconf 84' lang='lat' dir='ltr'>euni</span> <span class='ocrx_word' id='word_1_329' title='bbox 1480 2357 1523 2389; x_wconf 98' lang='lat' dir='ltr'><strong><em>K</em></strong></span> 
     </span>
     <span class='ocr_line' id='line_1_37' title="bbox 106 2410 1520 2457; baseline -0.004 -9"><span class='ocrx_word' id='word_1_330' title='bbox 106 2425 193 2448; x_wconf 90' lang='lat' dir='ltr'>uero</span> <span class='ocrx_word' id='word_1_331' title='bbox 229 2415 330 2448; x_wconf 84' lang='lat' dir='ltr'>SEK</span> <span class='ocrx_word' id='word_1_332' title='bbox 396 2414 437 2447; x_wconf 68' lang='lat'>12</span> <span class='ocrx_word' id='word_1_333' title='bbox 474 2424 547 2457; x_wconf 81' lang='lat' dir='ltr'>cep.</span> <span class='ocrx_word' id='word_1_334' title='bbox 575 2412 663 2456; x_wconf 74' lang='lat' dir='ltr'>ced]</span> <span class='ocrx_word' id='word_1_335' title='bbox 688 2412 845 2447; x_wconf 83' lang='lat' dir='ltr'>cecidere</span> <span class='ocrx_word' id='word_1_336' title='bbox 878 2413 954 2446; x_wconf 86' lang='grc' dir='ltr'><em>ΕΚ</em></span> <span class='ocrx_word' id='word_1_337' title='bbox 1019 2412 1060 2445; x_wconf 87' lang='grc'>13</span> <span class='ocrx_word' id='word_1_338' title='bbox 1086 2410 1178 2444; x_wconf 87' lang='lat' dir='ltr'>intra</span> <span class='ocrx_word' id='word_1_339' title='bbox 1205 2410 1413 2453; x_wconf 83' lang='lat' dir='ltr'>semetipsos</span> <span class='ocrx_word' id='word_1_340' title='bbox 1446 2410 1520 2442; x_wconf 81' lang='grc' dir='ltr'><em>ΕΚ</em></span> 
     </span>
     <span class='ocr_line' id='line_1_38' title="bbox 111 2462 1521 2510; baseline -0.004 -9"><span class='ocrx_word' id='word_1_341' title='bbox 111 2469 154 2502; x_wconf 80' lang='grc'>14</span> <span class='ocrx_word' id='word_1_342' title='bbox 179 2468 427 2510; x_wconf 83' lang='lat' dir='ltr'>cogitauerunt</span> <span class='ocrx_word' id='word_1_343' title='bbox 452 2467 610 2501; x_wconf 85' lang='lat' dir='ltr'><strong><em>S2BTK</em></strong></span> <span class='ocrx_word' id='word_1_344' title='bbox 663 2466 705 2500; x_wconf 80' lang='lat'>16</span> <span class='ocrx_word' id='word_1_345' title='bbox 732 2465 787 2509; x_wconf 78' lang='lat' dir='ltr'>ex]</span> <span class='ocrx_word' id='word_1_346' title='bbox 812 2465 855 2499; x_wconf 90' lang='lat' dir='ltr'>de</span> <span class='ocrx_word' id='word_1_347' title='bbox 881 2466 921 2498; x_wconf 87' lang='lat' dir='ltr'><strong><em>K</em></strong></span> <span class='ocrx_word' id='word_1_348' title='bbox 977 2465 1017 2499; x_wconf 87' lang='lat'>17</span> <span class='ocrx_word' id='word_1_349' title='bbox 1045 2467 1147 2498; x_wconf 83' lang='lat' dir='ltr'>erant</span> <span class='ocrx_word' id='word_1_350' title='bbox 1171 2463 1228 2498; x_wconf 54' lang='grc' dir='ltr'>ΕΙ</span> <span class='ocrx_word' id='word_1_351' title='bbox 1286 2463 1345 2496; x_wconf 88' lang='lat' dir='ltr'>illo</span> <span class='ocrx_word' id='word_1_352' title='bbox 1375 2462 1452 2496; x_wconf 82' lang='lat' dir='ltr'>loco</span> <span class='ocrx_word' id='word_1_353' title='bbox 1480 2462 1521 2495; x_wconf 87' lang='lat' dir='ltr'><strong><em>K</em></strong></span> 
     </span>
     <span class='ocr_line' id='line_1_39' title="bbox 107 2516 1520 2562; baseline -0.004 -7"><span class='ocrx_word' id='word_1_354' title='bbox 107 2531 275 2555; x_wconf 86' lang='lat' dir='ltr'>ascensor</span> <span class='ocrx_word' id='word_1_355' title='bbox 300 2521 338 2555; x_wconf 90' lang='lat' dir='ltr'><em>E</em></span> <span class='ocrx_word' id='word_1_356' title='bbox 389 2521 430 2554; x_wconf 81' lang='lat'>18</span> <span class='ocrx_word' id='word_1_357' title='bbox 455 2531 579 2554; x_wconf 87' lang='lat' dir='ltr'>eorum</span> <span class='ocrx_word' id='word_1_358' title='bbox 606 2520 647 2554; x_wconf 90' lang='grc' dir='ltr'><em>Κ</em></span> <span class='ocrx_word' id='word_1_359' title='bbox 692 2519 738 2553; x_wconf 68' lang='lat'>24</span> <span class='ocrx_word' id='word_1_360' title='bbox 763 2518 849 2562; x_wconf 89' lang='lat' dir='ltr'>toll.]</span> <span class='ocrx_word' id='word_1_361' title='bbox 878 2523 916 2559; x_wconf 59' lang='grc' dir='ltr'>-ξ-</span> <span class='ocrx_word' id='word_1_362' title='bbox 946 2521 1111 2562; x_wconf 85' lang='lat' dir='ltr'>parentes</span> <span class='ocrx_word' id='word_1_363' title='bbox 1128 2518 1204 2551; x_wconf 87' lang='grc' dir='ltr'>ΕΚ</span> <span class='ocrx_word' id='word_1_364' title='bbox 1250 2517 1294 2550; x_wconf 71' lang='lat'>⁶29</span> <span class='ocrx_word' id='word_1_365' title='bbox 1320 2516 1421 2550; x_wconf 88' lang='lat' dir='ltr'>illum</span> <span class='ocrx_word' id='word_1_366' title='bbox 1446 2516 1520 2549; x_wconf 84' lang='grc' dir='ltr'><em>ΕΚ</em></span> 
     </span>
     <span class='ocr_line' id='line_1_40' title="bbox 107 2568 1522 2616; baseline -0.005 -8"><span class='ocrx_word' id='word_1_367' title='bbox 107 2575 262 2608; x_wconf 83' lang='lat' dir='ltr'>lauasset</span> <span class='ocrx_word' id='word_1_368' title='bbox 299 2575 370 2608; x_wconf 84' lang='lat' dir='ltr'>BT</span> <span class='ocrx_word' id='word_1_369' title='bbox 438 2572 575 2616; x_wconf 86' lang='lat' dir='ltr'>diebus]</span> <span class='ocrx_word' id='word_1_370' title='bbox 613 2577 725 2606; x_wconf 74' lang='lat' dir='ltr'>cetera</span> <span class='ocrx_word' id='word_1_371' title='bbox 761 2573 887 2606; x_wconf 75' lang='lat' dir='ltr'>desunt</span> <span class='ocrx_word' id='word_1_372' title='bbox 922 2572 990 2606; x_wconf 86' lang='lat' dir='ltr'>BT</span> <span class='ocrx_word' id='word_1_373' title='bbox 1059 2571 1104 2604; x_wconf 87' lang='lat'>30</span> <span class='ocrx_word' id='word_1_374' title='bbox 1139 2569 1322 2614; x_wconf 83' lang='lat' dir='ltr'>quoniam]</span> <span class='ocrx_word' id='word_1_375' title='bbox 1353 2568 1413 2612; x_wconf 89' lang='lat' dir='ltr'>qui</span> <span class='ocrx_word' id='word_1_376' title='bbox 1446 2568 1522 2602; x_wconf 90' lang='grc' dir='ltr'><em>ΕΚ</em></span> 
     </span>
     <span class='ocr_line' id='line_1_41' title="bbox 108 2625 913 2670; baseline -0.005 -8"><span class='ocrx_word' id='word_1_377' title='bbox 108 2630 148 2662; x_wconf 83' lang='grc'>31</span> <span class='ocrx_word' id='word_1_378' title='bbox 179 2627 326 2670; x_wconf 83' lang='lat' dir='ltr'>proteg.]</span> <span class='ocrx_word' id='word_1_379' title='bbox 358 2632 393 2666; x_wconf 68' lang='lat' dir='ltr'>-t-</span> <span class='ocrx_word' id='word_1_380' title='bbox 425 2626 510 2660; x_wconf 88' lang='lat' dir='ltr'>olim</span> <span class='ocrx_word' id='word_1_381' title='bbox 537 2627 612 2659; x_wconf 86' lang='grc' dir='ltr'><em>ΕΚ</em></span> <span class='ocrx_word' id='word_1_382' title='bbox 659 2626 702 2659; x_wconf 71' lang='lat'>32</span> <span class='ocrx_word' id='word_1_383' title='bbox 729 2637 755 2659; x_wconf 88' lang='lat' dir='ltr'>s.</span> <span class='ocrx_word' id='word_1_384' title='bbox 775 2625 857 2669; x_wconf 87' lang='lat' dir='ltr'>spir.</span> <span class='ocrx_word' id='word_1_385' title='bbox 876 2626 913 2658; x_wconf 88' lang='grc' dir='ltr'><em>Κ</em></span> 
     </span>
    </p>
   </div>
  </div>
 </body>
</html>
