1834 2967
845 103 1107 140 —42—

345 252 387 292 4.
421 250 487 292 De
519 250 759 293 nobilibus
793 249 1088 292 sermonibus
1120 247 1311 291 Domini
1344 248 1425 301 qui
1457 247 1604 292 dixit:

269 315 592 373 Quodcumque
614 315 886 368 ligaueritis
909 325 1049 367 super
1064 314 1260 368 terram,
1294 314 1388 355 erit
1408 313 1609 366 ligatum
1638 315 1685 356 et

269 380 317 421 in
351 379 487 431 cclis;
531 380 578 422 et
610 379 733 432 quod
764 391 855 421 non
888 379 979 421 soli
1011 379 1156 420 Petro
1188 378 1402 432 apostolo
1435 379 1482 420 et
1515 378 1686 420 ceteris

268 445 497 498 apostolis
521 446 587 487 sit
609 444 720 488 data
742 444 829 488 hec
851 444 1077 497 potestas,
1109 455 1272 486 uerum
1305 443 1449 485 etiam
1471 442 1686 486 omnibus

216 518 239 554 5
269 509 595 553 sacerdotibus
627 511 708 562 qui
740 509 866 552 recte
899 508 1096 552 credunt
1128 509 1175 551 et
1206 508 1453 562 predicant
1488 509 1686 551 uerbum

141 580 170 613 K
184 580 250 613 124
840 573 1080 617 ueritatis.
1104 574 1119 628 ΙΙ

269 660 459 757 Quidam
488 662 676 713 presbiter
705 662 773 700 fuit
802 667 1023 711 segregatus
1053 675 1075 700 a
1105 675 1214 700 sacro
1244 661 1454 700 ministerio
1484 675 1506 699 a
1534 659 1687 711 proprio

365 723 544 772 episcopo
586 734 708 770 usque
751 721 799 759 ad
840 726 1006 770 tempus,
1056 734 1144 759 cum
1186 721 1356 760 infideles
1397 721 1523 760 adhuc
1562 733 1688 770 perse-

270 786 478 831 querentur
506 781 733 819 catholicam
754 779 968 819 ecclesiam.
1025 780 1192 830 Contigit
1211 794 1303 819 uero
1323 780 1448 819 eidem
1476 779 1687 830 presbitero

193 841 240 877 10
269 853 338 890 pro
368 841 534 890 quadam
562 839 732 878 utilitatis
762 852 879 878 causa
915 852 1073 889 pergere
1110 839 1148 877 in
1190 839 1301 878 aliam
1342 838 1587 889 provinciam.
1644 839 1686 876 In

269 912 344 948 qua
373 899 676 948 comprehensus
714 912 736 936 a
765 897 924 948 paganis
962 903 1116 948 propter
1154 898 1268 937 fidem
1308 898 1449 937 Christi
1487 897 1688 936 crudeliter

268 963 325 996 est
353 957 551 997 fusticatus
581 964 617 996 et
646 957 808 996 diuersis
838 962 1010 996 extortus
1039 957 1234 1007 suppliciis
1263 962 1304 996 ut
1339 957 1451 995 idolis
1484 956 1688 995 inmolaret

141 1023 252 1057 B84v
271 1017 435 1056 iubetur.
492 1016 590 1056 Cum
619 1022 750 1055 autem
779 1016 897 1055 nollet
925 1016 1156 1064 consentire⁷
1198 1021 1284 1066 post
1313 1016 1435 1055 multa
1462 1020 1654 1054 tormenta
1675 1013 1688 1064 ΙΙ

269 1076 467 1127 capitalem
510 1076 654 1127 accepit
696 1076 933 1115 sentenciam
981 1080 1135 1126 propter
1182 1088 1326 1114 nomen
1367 1074 1522 1113 Domini
1562 1077 1689 1113 nostri

194 1137 240 1174 15
270 1136 384 1174 Ihesu
432 1135 584 1174 Christi.
654 1135 763 1174 Vnus
805 1140 934 1174 autem
982 1148 1028 1173 ex
1075 1133 1312 1185 principibus
1359 1133 1547 1184 provintie
1587 1133 1687 1172 illius

141 1202 249 1235 T54v
270 1195 524 1234 christillanus
540 1209 629 1233 cum
644 1200 757 1241 esset,
778 1194 925 1233 occulte
944 1199 1075 1233 tamen
1096 1199 1251 1244 propter
1269 1199 1416 1232 metum
1437 1206 1689 1243 paganorum,

269 1268 356 1292 cum
387 1254 545 1293 uidisset
573 1254 900 1304 perseuerantiam
921 1253 1100 1300 martiris,
1131 1253 1266 1303 optulit
1285 1252 1472 1291 ministris
1492 1258 1526 1290 et
1543 1253 1690 1303 yladia-

269 1315 416 1352 toribus
444 1313 647 1364 pecuniam
677 1319 714 1352 et
741 1313 833 1351 emit
870 1326 1022 1351 sacrum
1054 1325 1192 1363 corpus
1222 1312 1389 1350 martiris
1427 1317 1463 1350 et
1492 1311 1689 1350 conditum

270 1373 506 1411 aromatibus
535 1373 680 1411 occulte
709 1371 879 1422 reposuit
907 1372 999 1410 illud
1028 1371 1068 1410 in
1100 1372 1313 1410 secreciora
1342 1372 1481 1410 domus
1510 1384 1591 1409 sue.

190 1434 241 1471 ΞΟ
376 1432 469 1470 Post
497 1445 578 1470 non
607 1432 773 1470 multum
802 1444 896 1470 uero
925 1437 1077 1481 tempus
1107 1430 1251 1480 quieuit
1280 1430 1495 1481 persecutio
1530 1435 1567 1469 et
1604 1430 1691 1468 data

270 1504 362 1541 pace
391 1491 547 1530 ecclesie
577 1491 766 1530 edificauit
799 1492 919 1529 homo
956 1491 1017 1529 ille
1057 1490 1257 1529 ecclesiam
1292 1490 1388 1528 mire
1426 1489 1691 1540 pulcritudinis

269 1552 317 1589 ad
348 1564 492 1590 nomen
520 1550 688 1589 martiris
724 1556 760 1589 et
788 1550 958 1601 reposuit
995 1563 1135 1600 corpus
1172 1550 1272 1588 intra
1310 1549 1520 1588 sacrarium
1560 1548 1691 1598 templi

271 1611 308 1648 in
349 1611 494 1649 tumulo
532 1623 764 1649 marmoreo.
822 1610 868 1648 Et
897 1615 1110 1648 conuocata
1148 1614 1206 1647 est
1243 1614 1321 1647 tota
1359 1608 1492 1647 ciuitas
1535 1613 1571 1647 et
1614 1613 1691 1646 tota

270 1670 461 1719 prouintia
501 1682 580 1708 una
627 1682 716 1708 cum
760 1669 938 1719 episcopo
985 1669 1032 1707 ad
1077 1668 1352 1707 dedicationem
1396 1667 1525 1717 templi
1568 1666 1690 1706 sancti

190 1730 239 1767 925
272 1728 449 1767 martiris.
509 1729 608 1767 Cum
637 1733 765 1767 autem
805 1727 962 1767 dixisset
992 1727 1193 1778 episcopus
1232 1728 1445 1765 secundum
1487 1731 1690 1765 consuetu-

271 1789 421 1827 dinem:
452 1788 533 1826 Pax
552 1787 682 1826 uobis!
723 1789 771 1826 ad
793 1787 1049 1837 uespertinale
1069 1786 1243 1833 offitium,
1274 1786 1372 1836 cepit
1400 1786 1573 1824 tumulus
1594 1799 1691 1824 mar-

270 1847 350 1885 tiris
380 1853 561 1893 tremere;
592 1852 628 1886 et
657 1860 775 1885 manu
807 1847 974 1896 quadam
1003 1846 1133 1884 diuine
1162 1845 1313 1884 uirtutis
1344 1851 1485 1884 tractus
1514 1845 1604 1884 exiit
1642 1845 1689 1883 ab

149 1913 174 1946 E
192 1913 257 1945 1413
277 1907 434 1945 ecclesia
454 1906 600 1945 cunctis
621 1906 854 1951 uidentibus,
872 1911 907 1944 et
929 1911 1020 1944 tunc
1042 1905 1142 1943 stetit
1163 1904 1178 1954 ΙΙ
1200 1905 1418 1943 immobilis.
1451 1904 1535 1943 Hoc
1555 1904 1692 1943 uidens

271 1966 473 2017 episcopus
494 1979 582 2004 cum
612 1965 782 2016 principe
802 1965 986 2014 omnique
1015 1965 1167 2015 populo,
1199 1969 1382 2014 ceperunt
1412 1977 1547 2002 omnes
1577 1963 1690 2002 simul

191 2027 242 2064 30
272 2025 422 2075 magnis
450 2025 610 2063 uocibus
632 2025 814 2063 clamare:
845 2024 946 2062 Kirie
966 2024 1122 2063 eleison.
1163 2024 1409 2062 Adducentes
1430 2028 1557 2061 autem
1581 2023 1690 2061 funes

272 2085 524 2133 alligauerunt
553 2084 745 2123 tumulum
776 2090 809 2123 et
840 2085 999 2122 trahens
1038 2083 1165 2121 omnis
1194 2083 1358 2133 populus
1395 2083 1691 2120 introduxerunt

273 2157 360 2181 eum
404 2144 441 2181 in
485 2143 685 2182 ecclesiam
728 2149 762 2182 et
802 2147 1018 2181 statuerunt
1056 2142 1093 2180 in
1132 2143 1227 2188 loco,
1269 2142 1333 2180 ubi
1377 2142 1480 2192 prius
1522 2146 1689 2180 steterat.

272 2204 412 2241 Iterum
443 2216 529 2241 cum
560 2203 717 2242 dixisset
746 2203 949 2241 diaconus:
987 2203 1028 2240 In
1059 2214 1150 2252 pace
1179 2201 1389 2239 Dominum
1427 2201 1689 2251 deprecemur,

380 2340 397 2373 7
417 2340 530 2380 sacro]
551 2339 673 2373 diuino
692 2340 731 2373 K
779 2340 799 2371 9
818 2338 1034 2373 katholicam
1053 2339 1129 2372 ΕΚ
1175 2340 1295 2372 autem
1315 2338 1386 2371 ΕΚ
1443 2339 1480 2370 12
1502 2336 1689 2379 fustigatus

272 2397 321 2427 est
349 2393 421 2425 ΕΚ
481 2396 514 2425 et
538 2396 576 2425 ut
601 2392 704 2426 idolis
729 2392 932 2426 immolaret
955 2391 1107 2425 diuersis
1134 2395 1185 2425 est
1210 2393 1370 2425 extortus
1395 2389 1578 2434 suppliciis
1599 2390 1687 2429 ΕΚ;

273 2446 442 2487 extortus]
472 2449 638 2479 extensus
668 2444 734 2485 T¹;
773 2449 810 2485 -ξ-
841 2449 893 2479 est
920 2446 959 2478 Κ
1014 2446 1058 2478 :22
1086 2445 1203 2488 posuit
1230 2445 1271 2478 K
1327 2444 1418 2477 inter
1446 2444 1518 2476 ΕΚ
1572 2443 1617 2476 -24
1643 2443 1687 2476 ad

272 2499 395 2543 templi
437 2499 474 2533 Κ
537 2499 582 2532 25
620 2499 819 2541 episcopus]
855 2501 894 2539 4-
939 2509 1006 2541 pax
1039 2498 1144 2531 uobis
1170 2499 1210 2532 Κ
1272 2498 1318 2531 28
1361 2496 1566 2530 uidentibus
1604 2496 1684 2529 exiit

273 2554 439 2595 stetitque
477 2553 551 2585 ΕΚ
626 2553 670 2584 29
709 2556 743 2585 et
783 2551 900 2585 omnis
939 2551 1092 2595 populus
1130 2552 1205 2585 ΕΚ
1279 2550 1385 2584 simul
1423 2549 1578 2583 clamare.
1619 2550 1687 2582 ΕΚ

272 2609 318 2637 30
346 2605 553 2639 Kiricleison
583 2606 676 2638 R'l's
723 2608 843 2638 :tutem
872 2606 920 2638 13³
