<?xml version="1.0" encoding="UTF-8"?>
<!DOCTYPE html PUBLIC "-//W3C//DTD XHTML 1.0 Transitional//EN"
    "http://www.w3.org/TR/xhtml1/DTD/xhtml1-transitional.dtd">
<html xmlns="http://www.w3.org/1999/xhtml" xml:lang="en" lang="en">
 <head>
  <title>
</title>
<meta http-equiv="Content-Type" content="text/html;charset=utf-8" />
  <meta name='ocr-system' content='tesseract 3.04.00' />
  <meta name='ocr-capabilities' content='ocr_page ocr_carea ocr_par ocr_line ocrx_word'/>
</head>
<body>
  <div class='ocr_page' id='page_1' title='image "./liberdemiraculis00joanuoft_0156.png"; bbox 0 0 1834 2967; ppageno 0'>
   <div class='ocr_carea' id='block_1_1' title="bbox 102 234 923 1813">
    <p class='ocr_par' dir='ltr' id='par_1_1' title="bbox 102 234 920 1043">
     <span class='ocr_line' id='line_1_1' title="bbox 242 234 912 285; baseline 0.001 -12"><span class='ocrx_word' id='word_1_1' title='bbox 242 234 334 273; x_wconf 90' lang='lat' dir='ltr'>toris</span> <span class='ocrx_word' id='word_1_2' title='bbox 362 235 608 285; x_wconf 78' lang='lat' dir='ltr'>presentiam.</span> <span class='ocrx_word' id='word_1_3' title='bbox 647 236 791 274; x_wconf 90' lang='lat' dir='ltr'>Videns</span> <span class='ocrx_word' id='word_1_4' title='bbox 819 249 912 274; x_wconf 89' lang='lat' dir='ltr'>uero</span> 
     </span>
     <span class='ocr_line' id='line_1_2' title="bbox 242 293 912 345; baseline 0 -13"><span class='ocrx_word' id='word_1_5' title='bbox 242 293 345 332; x_wconf 86' lang='lat' dir='ltr'>hanc</span> <span class='ocrx_word' id='word_1_6' title='bbox 414 295 624 345; x_wconf 86' lang='lat' dir='ltr'>imperator</span> <span class='ocrx_word' id='word_1_7' title='bbox 695 295 912 344; x_wconf 85' lang='lat' dir='ltr'>glorificans</span> 
     </span>
     <span class='ocr_line' id='line_1_3' title="bbox 242 354 914 404; baseline 0.001 -13"><span class='ocrx_word' id='word_1_8' title='bbox 242 359 279 391; x_wconf 87' lang='lat' dir='ltr'>ct</span> <span class='ocrx_word' id='word_1_9' title='bbox 320 354 541 392; x_wconf 86' lang='lat' dir='ltr'>collaudans</span> <span class='ocrx_word' id='word_1_10' title='bbox 583 354 724 404; x_wconf 87' lang='lat' dir='ltr'>pariter</span> <span class='ocrx_word' id='word_1_11' title='bbox 757 354 914 392; x_wconf 89' lang='lat' dir='ltr'>Ihesum</span> 
     </span>
     <span class='ocr_line' id='line_1_4' title="bbox 117 412 913 463; baseline 0 -12"><span class='ocrx_word' id='word_1_12' title='bbox 117 416 227 451; x_wconf 72' lang='lat' dir='ltr'>A152</span> <span class='ocrx_word' id='word_1_13' title='bbox 242 412 439 450; x_wconf 83' lang='lat' dir='ltr'>Christum</span> <span class='ocrx_word' id='word_1_14' title='bbox 480 412 689 451; x_wconf 90' lang='lat' dir='ltr'>Dominum</span> <span class='ocrx_word' id='word_1_15' title='bbox 719 412 733 463; x_wconf 85' lang='grc' dir='ltr'>Η</span> <span class='ocrx_word' id='word_1_16' title='bbox 765 412 913 451; x_wconf 87' lang='lat' dir='ltr'>dicens:</span> 
     </span>
     <span class='ocr_line' id='line_1_5' title="bbox 192 471 916 515; baseline 0 -6"><span class='ocrx_word' id='word_1_17' title='bbox 192 479 215 515; x_wconf 82' lang='lat'>5</span> <span class='ocrx_word' id='word_1_18' title='bbox 245 471 342 509; x_wconf 90' lang='lat' dir='ltr'>Vere</span> <span class='ocrx_word' id='word_1_19' title='bbox 388 471 523 510; x_wconf 91' lang='lat' dir='ltr'>iudeus</span> <span class='ocrx_word' id='word_1_20' title='bbox 570 472 644 510; x_wconf 91' lang='lat' dir='ltr'>hoc</span> <span class='ocrx_word' id='word_1_21' title='bbox 699 471 795 510; x_wconf 81' lang='lat' dir='ltr'>fecit.</span> <span class='ocrx_word' id='word_1_22' title='bbox 870 471 916 509; x_wconf 86' lang='lat' dir='ltr'>Et</span> 
     </span>
     <span class='ocr_line' id='line_1_6' title="bbox 242 530 914 581; baseline 0 -13"><span class='ocrx_word' id='word_1_23' title='bbox 242 530 352 568; x_wconf 88' lang='lat' dir='ltr'>iussit</span> <span class='ocrx_word' id='word_1_24' title='bbox 386 530 516 569; x_wconf 86' lang='lat' dir='ltr'>statim</span> <span class='ocrx_word' id='word_1_25' title='bbox 546 531 722 581; x_wconf 90' lang='lat' dir='ltr'>preconis</span> <span class='ocrx_word' id='word_1_26' title='bbox 751 531 914 568; x_wconf 90' lang='lat' dir='ltr'>uerbum</span> 
     </span>
     <span class='ocr_line' id='line_1_7' title="bbox 244 590 915 640; baseline 0 -12"><span class='ocrx_word' id='word_1_27' title='bbox 244 590 428 637; x_wconf 79' lang='lat' dir='ltr'>emittere,</span> <span class='ocrx_word' id='word_1_28' title='bbox 467 595 508 628; x_wconf 91' lang='lat' dir='ltr'>ut</span> <span class='ocrx_word' id='word_1_29' title='bbox 536 590 568 628; x_wconf 92' lang='lat' dir='ltr'>si</span> <span class='ocrx_word' id='word_1_30' title='bbox 605 590 690 639; x_wconf 91' lang='lat' dir='ltr'>quis</span> <span class='ocrx_word' id='word_1_31' title='bbox 726 591 800 628; x_wconf 92' lang='lat' dir='ltr'>hoc</span> <span class='ocrx_word' id='word_1_32' title='bbox 834 603 915 640; x_wconf 90' lang='lat' dir='ltr'>per-</span> 
     </span>
     <span class='ocr_line' id='line_1_8' title="bbox 244 649 916 700; baseline -0.001 -12"><span class='ocrx_word' id='word_1_33' title='bbox 244 654 431 699; x_wconf 83' lang='lat' dir='ltr'>petrasset</span> <span class='ocrx_word' id='word_1_34' title='bbox 459 655 496 688; x_wconf 90' lang='lat' dir='ltr'>et</span> <span class='ocrx_word' id='word_1_35' title='bbox 524 650 678 700; x_wconf 89' lang='lat' dir='ltr'>propria</span> <span class='ocrx_word' id='word_1_36' title='bbox 699 649 916 687; x_wconf 84' lang='lat' dir='ltr'>manifesta-</span> 
     </span>
     <span class='ocr_line' id='line_1_9' title="bbox 244 709 918 755; baseline -0.001 -8"><span class='ocrx_word' id='word_1_37' title='bbox 244 714 299 747; x_wconf 87' lang='lat' dir='ltr'>ret</span> <span class='ocrx_word' id='word_1_38' title='bbox 343 709 554 755; x_wconf 82' lang='lat' dir='ltr'>uoluntate,</span> <span class='ocrx_word' id='word_1_39' title='bbox 598 709 717 747; x_wconf 85' lang='lat' dir='ltr'>nichil</span> <span class='ocrx_word' id='word_1_40' title='bbox 760 721 807 747; x_wconf 80' lang='lat' dir='ltr'>ex</span> <span class='ocrx_word' id='word_1_41' title='bbox 844 709 918 747; x_wconf 91' lang='lat' dir='ltr'>hoc</span> 
     </span>
     <span class='ocr_line' id='line_1_10' title="bbox 102 767 918 817; baseline 0.001 -12"><span class='ocrx_word' id='word_1_42' title='bbox 102 771 231 816; x_wconf 64' lang='lat' dir='ltr'>Vaeficn‘t</span> <span class='ocrx_word' id='word_1_43' title='bbox 245 767 428 806; x_wconf 87' lang='lat' dir='ltr'>sensisset</span> <span class='ocrx_word' id='word_1_44' title='bbox 463 768 712 815; x_wconf 69' lang='lat' dir='ltr'>uindicttam3</span> <span class='ocrx_word' id='word_1_45' title='bbox 750 768 851 817; x_wconf 91' lang='lat' dir='ltr'>quod</span> <span class='ocrx_word' id='word_1_46' title='bbox 887 767 918 806; x_wconf 91' lang='lat' dir='ltr'>si</span> 
     </span>
     <span class='ocr_line' id='line_1_11' title="bbox 244 826 918 877; baseline 0.001 -13"><span class='ocrx_word' id='word_1_47' title='bbox 244 832 352 865; x_wconf 85' lang='lat' dir='ltr'>extra</span> <span class='ocrx_word' id='word_1_48' title='bbox 380 826 621 865; x_wconf 89' lang='lat' dir='ltr'>uoluntatem</span> <span class='ocrx_word' id='word_1_49' title='bbox 658 827 828 865; x_wconf 89' lang='lat' dir='ltr'>hominis</span> <span class='ocrx_word' id='word_1_50' title='bbox 866 827 918 877; x_wconf 91' lang='lat' dir='ltr'>ip-</span> 
     </span>
     <span class='ocr_line' id='line_1_12' title="bbox 244 885 918 935; baseline 0.001 -11"><span class='ocrx_word' id='word_1_51' title='bbox 244 886 324 924; x_wconf 87' lang='lat' dir='ltr'>sius</span> <span class='ocrx_word' id='word_1_52' title='bbox 365 886 429 935; x_wconf 92' lang='lat' dir='ltr'>qui</span> <span class='ocrx_word' id='word_1_53' title='bbox 471 886 545 924; x_wconf 81' lang='lat' dir='ltr'>hoe</span> <span class='ocrx_word' id='word_1_54' title='bbox 587 885 673 924; x_wconf 88' lang='lat' dir='ltr'>fecit</span> <span class='ocrx_word' id='word_1_55' title='bbox 714 886 918 925; x_wconf 86' lang='lat' dir='ltr'>inuentum</span> 
     </span>
     <span class='ocr_line' id='line_1_13' title="bbox 245 944 917 995; baseline 0 -12"><span class='ocrx_word' id='word_1_56' title='bbox 245 944 384 995; x_wconf 85' lang='lat' dir='ltr'>quippe</span> <span class='ocrx_word' id='word_1_57' title='bbox 401 945 522 991; x_wconf 86' lang='lat' dir='ltr'>fuerit,</span> <span class='ocrx_word' id='word_1_58' title='bbox 544 945 666 995; x_wconf 91' lang='lat' dir='ltr'>capite</span> <span class='ocrx_word' id='word_1_59' title='bbox 679 945 917 995; x_wconf 83' lang='lat' dir='ltr'>plecteretur.</span> 
     </span>
     <span class='ocr_line' id='line_1_14' title="bbox 298 1004 920 1043; baseline 0.002 -1"><span class='ocrx_word' id='word_1_60' title='bbox 298 1004 397 1042; x_wconf 90' lang='lat' dir='ltr'>Cum</span> <span class='ocrx_word' id='word_1_61' title='bbox 443 1010 572 1043; x_wconf 88' lang='lat' dir='ltr'>autem</span> <span class='ocrx_word' id='word_1_62' title='bbox 626 1005 700 1043; x_wconf 82' lang='lat' dir='ltr'>hoc</span> <span class='ocrx_word' id='word_1_63' title='bbox 752 1005 920 1043; x_wconf 80' lang='lat' dir='ltr'>audisset</span> 
     </span>
    </p>

    <p class='ocr_par' dir='ltr' id='par_1_2' title="bbox 167 1063 923 1646">
     <span class='ocr_line' id='line_1_15' title="bbox 168 1063 919 1111; baseline 0.001 -10"><span class='ocrx_word' id='word_1_64' title='bbox 168 1068 216 1105; x_wconf 81' lang='lat'>15</span> <span class='ocrx_word' id='word_1_65' title='bbox 246 1063 384 1102; x_wconf 89' lang='lat' dir='ltr'>mulier</span> <span class='ocrx_word' id='word_1_66' title='bbox 403 1063 483 1102; x_wconf 89' lang='lat' dir='ltr'>eius</span> <span class='ocrx_word' id='word_1_67' title='bbox 507 1063 693 1102; x_wconf 89' lang='lat' dir='ltr'>increduli</span> <span class='ocrx_word' id='word_1_68' title='bbox 712 1069 748 1102; x_wconf 88' lang='lat' dir='ltr'>et</span> <span class='ocrx_word' id='word_1_69' title='bbox 776 1064 919 1111; x_wconf 81' lang='lat' dir='ltr'>miseri,</span> 
     </span>
     <span class='ocr_line' id='line_1_16' title="bbox 246 1122 920 1173; baseline 0.001 -12"><span class='ocrx_word' id='word_1_70' title='bbox 246 1122 420 1173; x_wconf 90' lang='lat' dir='ltr'>protinus</span> <span class='ocrx_word' id='word_1_71' title='bbox 437 1123 615 1170; x_wconf 85' lang='lat' dir='ltr'>cucurrit,</span> <span class='ocrx_word' id='word_1_72' title='bbox 644 1129 780 1173; x_wconf 84' lang='lat' dir='ltr'>sponte</span> <span class='ocrx_word' id='word_1_73' title='bbox 799 1124 920 1162; x_wconf 87' lang='lat' dir='ltr'>mani-</span> 
     </span>
     <span class='ocr_line' id='line_1_17' title="bbox 246 1181 921 1221; baseline 0.001 -1"><span class='ocrx_word' id='word_1_74' title='bbox 246 1181 398 1220; x_wconf 82' lang='lat' dir='ltr'>festauit</span> <span class='ocrx_word' id='word_1_75' title='bbox 444 1183 611 1220; x_wconf 88' lang='lat' dir='ltr'>eundern</span> <span class='ocrx_word' id='word_1_76' title='bbox 650 1182 807 1221; x_wconf 85' lang='lat' dir='ltr'>iudeum</span> <span class='ocrx_word' id='word_1_77' title='bbox 848 1184 921 1221; x_wconf 89' lang='lat' dir='ltr'>hoc</span> 
     </span>
     <span class='ocr_line' id='line_1_18' title="bbox 246 1241 920 1291; baseline 0.001 -12"><span class='ocrx_word' id='word_1_78' title='bbox 246 1241 394 1279; x_wconf 87' lang='lat' dir='ltr'>facinus</span> <span class='ocrx_word' id='word_1_79' title='bbox 404 1247 654 1291; x_wconf 78' lang='lat' dir='ltr'>perpetrasse.</span> <span class='ocrx_word' id='word_1_80' title='bbox 673 1241 920 1288; x_wconf 88' lang='lat' dir='ltr'>Quiueniens</span> 
     </span>
     <span class='ocr_line' id='line_1_19' title="bbox 247 1300 922 1350; baseline 0.001 -12"><span class='ocrx_word' id='word_1_81' title='bbox 247 1300 417 1338; x_wconf 85' lang='lat' dir='ltr'>titubans</span> <span class='ocrx_word' id='word_1_82' title='bbox 452 1306 541 1338; x_wconf 90' lang='lat' dir='ltr'>ante</span> <span class='ocrx_word' id='word_1_83' title='bbox 578 1301 812 1350; x_wconf 81' lang='lat' dir='ltr'>presentiam</span> <span class='ocrx_word' id='word_1_84' title='bbox 852 1301 922 1339; x_wconf 90' lang='lat' dir='ltr'>im-</span> 
     </span>
     <span class='ocr_line' id='line_1_20' title="bbox 167 1359 921 1409; baseline -0.003 -9"><span class='ocrx_word' id='word_1_85' title='bbox 167 1362 220 1400; x_wconf 69' lang='grc'>20</span> <span class='ocrx_word' id='word_1_86' title='bbox 249 1359 435 1409; x_wconf 88' lang='lat' dir='ltr'>peratoris</span> <span class='ocrx_word' id='word_1_87' title='bbox 476 1359 608 1398; x_wconf 87' lang='lat' dir='ltr'>omnia</span> <span class='ocrx_word' id='word_1_88' title='bbox 654 1359 815 1409; x_wconf 84' lang='lat' dir='ltr'>qualiter</span> <span class='ocrx_word' id='word_1_89' title='bbox 860 1361 921 1398; x_wconf 86' lang='lat' dir='ltr'>uel</span> 
     </span>
     <span class='ocr_line' id='line_1_21' title="bbox 249 1418 921 1469; baseline 0.001 -13"><span class='ocrx_word' id='word_1_90' title='bbox 249 1419 441 1468; x_wconf 88' lang='lat' dir='ltr'>quomodo</span> <span class='ocrx_word' id='word_1_91' title='bbox 470 1418 608 1468; x_wconf 85' lang='lat' dir='ltr'>egisset</span> <span class='ocrx_word' id='word_1_92' title='bbox 642 1432 709 1469; x_wconf 90' lang='lat' dir='ltr'>per</span> <span class='ocrx_word' id='word_1_93' title='bbox 747 1419 921 1458; x_wconf 86' lang='lat' dir='ltr'>ordinem</span> 
     </span>
     <span class='ocr_line' id='line_1_22' title="bbox 248 1477 922 1528; baseline 0.001 -13"><span class='ocrx_word' id='word_1_94' title='bbox 248 1477 390 1528; x_wconf 85' lang='lat' dir='ltr'>pandit.</span> <span class='ocrx_word' id='word_1_95' title='bbox 448 1478 559 1516; x_wconf 86' lang='lat' dir='ltr'>Tunc</span> <span class='ocrx_word' id='word_1_96' title='bbox 593 1478 675 1528; x_wconf 88' lang='lat' dir='ltr'>ipse</span> <span class='ocrx_word' id='word_1_97' title='bbox 715 1478 922 1528; x_wconf 84' lang='lat' dir='ltr'>imperator</span> 
     </span>
     <span class='ocr_line' id='line_1_23' title="bbox 248 1537 922 1586; baseline 0.001 -11"><span class='ocrx_word' id='word_1_98' title='bbox 248 1538 387 1576; x_wconf 89' lang='lat' dir='ltr'>iterum</span> <span class='ocrx_word' id='word_1_99' title='bbox 434 1543 548 1586; x_wconf 89' lang='lat' dir='ltr'>atque</span> <span class='ocrx_word' id='word_1_100' title='bbox 593 1537 732 1576; x_wconf 89' lang='lat' dir='ltr'>iterum</span> <span class='ocrx_word' id='word_1_101' title='bbox 784 1538 922 1576; x_wconf 90' lang='lat' dir='ltr'>collau-</span> 
     </span>
     <span class='ocr_line' id='line_1_24' title="bbox 249 1596 923 1646; baseline 0.001 -12"><span class='ocrx_word' id='word_1_102' title='bbox 249 1597 346 1635; x_wconf 88' lang='lat' dir='ltr'>dans</span> <span class='ocrx_word' id='word_1_103' title='bbox 365 1597 502 1643; x_wconf 78' lang='lat' dir='ltr'>Deum,</span> <span class='ocrx_word' id='word_1_104' title='bbox 523 1596 588 1646; x_wconf 88' lang='lat' dir='ltr'>qui</span> <span class='ocrx_word' id='word_1_105' title='bbox 608 1602 714 1635; x_wconf 86' lang='lat' dir='ltr'>tanta</span> <span class='ocrx_word' id='word_1_106' title='bbox 735 1596 923 1635; x_wconf 87' lang='lat' dir='ltr'>mirabilia</span> 
     </span>
    </p>

    <p class='ocr_par' dir='ltr' id='par_1_3' title="bbox 169 1655 923 1813">
     <span class='ocr_line' id='line_1_25' title="bbox 169 1655 923 1706; baseline -0.001 -10"><span class='ocrx_word' id='word_1_107' title='bbox 169 1659 220 1696; x_wconf 75' lang='lat'>⁶25</span> <span class='ocrx_word' id='word_1_108' title='bbox 248 1656 286 1694; x_wconf 88' lang='lat' dir='ltr'>in</span> <span class='ocrx_word' id='word_1_109' title='bbox 330 1655 498 1706; x_wconf 80' lang='lat' dir='ltr'>imagine</span> <span class='ocrx_word' id='word_1_110' title='bbox 535 1669 604 1694; x_wconf 87' lang='lat' dir='ltr'>sua</span> <span class='ocrx_word' id='word_1_111' title='bbox 645 1655 822 1705; x_wconf 82' lang='lat' dir='ltr'>dignatus</span> <span class='ocrx_word' id='word_1_112' title='bbox 866 1661 923 1695; x_wconf 84' lang='lat' dir='ltr'>est</span> 
     </span>
     <span class='ocr_line' id='line_1_26' title="bbox 250 1715 922 1754; baseline 0.001 -1"><span class='ocrx_word' id='word_1_113' title='bbox 250 1715 453 1753; x_wconf 86' lang='lat' dir='ltr'>ostendere</span> <span class='ocrx_word' id='word_1_114' title='bbox 482 1715 604 1754; x_wconf 89' lang='lat' dir='ltr'>seruis</span> <span class='ocrx_word' id='word_1_115' title='bbox 630 1715 721 1753; x_wconf 88' lang='lat' dir='ltr'>suis.</span> <span class='ocrx_word' id='word_1_116' title='bbox 779 1715 922 1754; x_wconf 85' lang='lat' dir='ltr'>Eadem</span> 
     </span>
     <span class='ocr_line' id='line_1_27' title="bbox 249 1774 921 1813; baseline 0 0"><span class='ocrx_word' id='word_1_117' title='bbox 249 1781 377 1813; x_wconf 88' lang='lat' dir='ltr'>autem</span> <span class='ocrx_word' id='word_1_118' title='bbox 406 1775 504 1813; x_wconf 88' lang='lat' dir='ltr'>hora</span> <span class='ocrx_word' id='word_1_119' title='bbox 531 1775 629 1813; x_wconf 90' lang='lat' dir='ltr'>idem</span> <span class='ocrx_word' id='word_1_120' title='bbox 669 1774 805 1813; x_wconf 88' lang='lat' dir='ltr'>iudeus</span> <span class='ocrx_word' id='word_1_121' title='bbox 845 1788 921 1813; x_wconf 92' lang='lat' dir='ltr'>cre-</span> 
     </span>
    </p>
   </div>
   <div class='ocr_carea' id='block_1_2' title="bbox 914 113 1094 150">
    <p class='ocr_par' dir='ltr' id='par_1_4' title="bbox 914 113 1094 150">
     <span class='ocr_line' id='line_1_28' title="bbox 914 113 1094 150; baseline 0 0"><span class='ocrx_word' id='word_1_122' title='bbox 914 113 988 150; x_wconf 67' lang='grc'>122</span> <span class='ocrx_word' id='word_1_123' title='bbox 1043 134 1094 139; x_wconf 90' lang='lat'>-—</span> 
     </span>
    </p>
   </div>
   <div class='ocr_carea' id='block_1_3' title="bbox 985 236 1661 819">
    <p class='ocr_par' dir='ltr' id='par_1_5' title="bbox 985 236 1661 819">
     <span class='ocr_line' id='line_1_29' title="bbox 985 236 1657 287; baseline 0.001 -13"><span class='ocrx_word' id='word_1_124' title='bbox 985 241 1136 286; x_wconf 90' lang='lat' dir='ltr'>perator</span> <span class='ocrx_word' id='word_1_125' title='bbox 1165 237 1410 287; x_wconf 79' lang='lat' dir='ltr'>complexens</span> <span class='ocrx_word' id='word_1_126' title='bbox 1433 236 1657 287; x_wconf 84' lang='lat' dir='ltr'>glorificauit</span> 
     </span>
     <span class='ocr_line' id='line_1_30' title="bbox 985 295 1655 335; baseline 0.004 -3"><span class='ocrx_word' id='word_1_127' title='bbox 985 295 1109 333; x_wconf 91' lang='lat' dir='ltr'>Deum</span> <span class='ocrx_word' id='word_1_128' title='bbox 1155 296 1377 334; x_wconf 86' lang='lat' dir='ltr'>collaudans</span> <span class='ocrx_word' id='word_1_129' title='bbox 1423 301 1460 335; x_wconf 89' lang='lat' dir='ltr'>et</span> <span class='ocrx_word' id='word_1_130' title='bbox 1505 295 1655 335; x_wconf 89' lang='lat' dir='ltr'>dicens:</span> 
     </span>
     <span class='ocr_line' id='line_1_31' title="bbox 987 353 1657 405; baseline 0.004 -14"><span class='ocrx_word' id='word_1_131' title='bbox 987 354 1083 392; x_wconf 92' lang='lat' dir='ltr'>Vere</span> <span class='ocrx_word' id='word_1_132' title='bbox 1102 353 1237 392; x_wconf 91' lang='lat' dir='ltr'>iudeus</span> <span class='ocrx_word' id='word_1_133' title='bbox 1258 354 1447 405; x_wconf 85' lang='lat' dir='ltr'>quispiam</span> <span class='ocrx_word' id='word_1_134' title='bbox 1466 356 1540 394; x_wconf 89' lang='lat' dir='ltr'>hoc</span> <span class='ocrx_word' id='word_1_135' title='bbox 1559 355 1657 394; x_wconf 87' lang='lat' dir='ltr'>fecit.</span> 
     </span>
     <span class='ocr_line' id='line_1_32' title="bbox 986 412 1658 464; baseline 0.003 -14"><span class='ocrx_word' id='word_1_136' title='bbox 986 412 1100 451; x_wconf 87' lang='lat' dir='ltr'>Iussit</span> <span class='ocrx_word' id='word_1_137' title='bbox 1119 426 1269 463; x_wconf 90' lang='lat' dir='ltr'>quoque</span> <span class='ocrx_word' id='word_1_138' title='bbox 1289 427 1472 464; x_wconf 82' lang='lat' dir='ltr'>precones</span> <span class='ocrx_word' id='word_1_139' title='bbox 1493 414 1658 453; x_wconf 90' lang='lat' dir='ltr'>edictum</span> 
     </span>
     <span class='ocr_line' id='line_1_33' title="bbox 987 472 1658 523; baseline 0.003 -13"><span class='ocrx_word' id='word_1_140' title='bbox 987 472 1172 520; x_wconf 88' lang='lat' dir='ltr'>emittere,</span> <span class='ocrx_word' id='word_1_141' title='bbox 1201 478 1243 511; x_wconf 93' lang='lat' dir='ltr'>ut</span> <span class='ocrx_word' id='word_1_142' title='bbox 1272 472 1303 511; x_wconf 90' lang='lat' dir='ltr'>si</span> <span class='ocrx_word' id='word_1_143' title='bbox 1323 473 1407 523; x_wconf 88' lang='lat' dir='ltr'>quis</span> <span class='ocrx_word' id='word_1_144' title='bbox 1435 474 1510 512; x_wconf 88' lang='lat' dir='ltr'>hoc</span> <span class='ocrx_word' id='word_1_145' title='bbox 1529 486 1658 523; x_wconf 89' lang='lat' dir='ltr'>perpe·</span> 
     </span>
     <span class='ocr_line' id='line_1_34' title="bbox 987 532 1658 582; baseline 0.003 -13"><span class='ocrx_word' id='word_1_146' title='bbox 987 536 1125 569; x_wconf 87' lang='lat' dir='ltr'>trasset</span> <span class='ocrx_word' id='word_1_147' title='bbox 1180 537 1217 570; x_wconf 89' lang='lat' dir='ltr'>et</span> <span class='ocrx_word' id='word_1_148' title='bbox 1265 538 1400 582; x_wconf 88' lang='lat' dir='ltr'>sponte</span> <span class='ocrx_word' id='word_1_149' title='bbox 1455 532 1658 579; x_wconf 83' lang='lat' dir='ltr'>retulisset,</span> 
     </span>
     <span class='ocr_line' id='line_1_35' title="bbox 987 590 1661 641; baseline 0.003 -13"><span class='ocrx_word' id='word_1_150' title='bbox 987 590 1104 629; x_wconf 88' lang='lat' dir='ltr'>nichil</span> <span class='ocrx_word' id='word_1_151' title='bbox 1133 590 1299 630; x_wconf 85' lang='lat' dir='ltr'>uindicte</span> <span class='ocrx_word' id='word_1_152' title='bbox 1327 591 1464 630; x_wconf 78' lang='lat' dir='ltr'>exinde</span> <span class='ocrx_word' id='word_1_153' title='bbox 1497 591 1661 641; x_wconf 85' lang='lat' dir='ltr'>recepis-</span> 
     </span>
     <span class='ocr_line' id='line_1_36' title="bbox 988 649 1660 700; baseline 0.001 -13"><span class='ocrx_word' id='word_1_154' title='bbox 988 654 1057 687; x_wconf 89' lang='lat' dir='ltr'>set.</span> <span class='ocrx_word' id='word_1_155' title='bbox 1135 649 1247 697; x_wconf 92' lang='lat' dir='ltr'>Quod</span> <span class='ocrx_word' id='word_1_156' title='bbox 1300 649 1331 688; x_wconf 91' lang='lat' dir='ltr'>si</span> <span class='ocrx_word' id='word_1_157' title='bbox 1383 663 1451 700; x_wconf 92' lang='lat' dir='ltr'>per</span> <span class='ocrx_word' id='word_1_158' title='bbox 1506 649 1660 688; x_wconf 87' lang='lat' dir='ltr'>alterius</span> 
     </span>
     <span class='ocr_line' id='line_1_37' title="bbox 989 708 1660 758; baseline 0 -12"><span class='ocrx_word' id='word_1_159' title='bbox 989 708 1262 758; x_wconf 89' lang='lat' dir='ltr'>predictionem</span> <span class='ocrx_word' id='word_1_160' title='bbox 1339 709 1660 755; x_wconf 86' lang='lat' dir='ltr'>manifestaretur,</span> 
     </span>
     <span class='ocr_line' id='line_1_38' title="bbox 990 768 1350 819; baseline 0.006 -14"><span class='ocrx_word' id='word_1_161' title='bbox 990 768 1110 818; x_wconf 87' lang='lat' dir='ltr'>capite</span> <span class='ocrx_word' id='word_1_162' title='bbox 1140 768 1350 819; x_wconf 88' lang='lat' dir='ltr'>puniretur.</span> 
     </span>
    </p>
   </div>
   <div class='ocr_carea' id='block_1_4' title="bbox 992 1003 1669 1824">
    <p class='ocr_par' dir='ltr' id='par_1_6' title="bbox 992 1003 1669 1824">
     <span class='ocr_line' id='line_1_39' title="bbox 1045 1003 1664 1045; baseline 0.006 -4"><span class='ocrx_word' id='word_1_163' title='bbox 1045 1003 1218 1042; x_wconf 89' lang='lat' dir='ltr'>Audiens</span> <span class='ocrx_word' id='word_1_164' title='bbox 1252 1004 1327 1043; x_wconf 88' lang='grc'>1100</span> <span class='ocrx_word' id='word_1_165' title='bbox 1364 1017 1462 1043; x_wconf 83' lang='lat' dir='ltr'>uxor</span> <span class='ocrx_word' id='word_1_166' title='bbox 1498 1005 1597 1044; x_wconf 87' lang='lat' dir='ltr'>illius</span> <span class='ocrx_word' id='word_1_167' title='bbox 1627 1012 1664 1045; x_wconf 80' lang='lat' dir='ltr'>ct</span> 
     </span>
     <span class='ocr_line' id='line_1_40' title="bbox 992 1062 1664 1116; baseline 0.004 -15"><span class='ocrx_word' id='word_1_168' title='bbox 992 1062 1264 1102; x_wconf 82' lang='lat' dir='ltr'>incredulitatis</span> <span class='ocrx_word' id='word_1_169' title='bbox 1319 1064 1445 1103; x_wconf 86' lang='lat' dir='ltr'>mariti</span> <span class='ocrx_word' id='word_1_170' title='bbox 1491 1065 1664 1116; x_wconf 91' lang='lat' dir='ltr'>protinus</span> 
     </span>
     <span class='ocr_line' id='line_1_41' title="bbox 992 1122 1664 1174; baseline 0.004 -15"><span class='ocrx_word' id='word_1_171' title='bbox 992 1122 1154 1160; x_wconf 87' lang='lat' dir='ltr'>accurrit</span> <span class='ocrx_word' id='word_1_172' title='bbox 1197 1127 1233 1160; x_wconf 91' lang='lat' dir='ltr'>et</span> <span class='ocrx_word' id='word_1_173' title='bbox 1274 1128 1410 1172; x_wconf 90' lang='lat' dir='ltr'>sponte</span> <span class='ocrx_word' id='word_1_174' title='bbox 1446 1123 1574 1174; x_wconf 90' lang='lat' dir='ltr'>ipsum</span> <span class='ocrx_word' id='word_1_175' title='bbox 1611 1124 1664 1162; x_wconf 92' lang='lat' dir='ltr'>iu-</span> 
     </span>
     <span class='ocr_line' id='line_1_42' title="bbox 993 1181 1666 1233; baseline 0.006 -15"><span class='ocrx_word' id='word_1_176' title='bbox 993 1182 1108 1219; x_wconf 85' lang='lat' dir='ltr'>deum</span> <span class='ocrx_word' id='word_1_177' title='bbox 1136 1181 1212 1219; x_wconf 83' lang='lat' dir='ltr'>hoc</span> <span class='ocrx_word' id='word_1_178' title='bbox 1240 1181 1387 1220; x_wconf 88' lang='lat' dir='ltr'>facinus</span> <span class='ocrx_word' id='word_1_179' title='bbox 1426 1188 1666 1233; x_wconf 84' lang='lat' dir='ltr'>perpetrasse</span> 
     </span>
     <span class='ocr_line' id='line_1_43' title="bbox 992 1240 1664 1281; baseline 0.003 -3"><span class='ocrx_word' id='word_1_180' title='bbox 992 1240 1183 1278; x_wconf 80' lang='lat' dir='ltr'>indicavit.</span> <span class='ocrx_word' id='word_1_181' title='bbox 1226 1240 1396 1279; x_wconf 87' lang='lat' dir='ltr'>Veniens</span> <span class='ocrx_word' id='word_1_182' title='bbox 1426 1247 1556 1280; x_wconf 90' lang='lat' dir='ltr'>autem</span> <span class='ocrx_word' id='word_1_183' title='bbox 1575 1255 1664 1281; x_wconf 87' lang='lat' dir='ltr'>reus</span> 
     </span>
     <span class='ocr_line' id='line_1_44' title="bbox 993 1299 1666 1352; baseline 0.004 -15"><span class='ocrx_word' id='word_1_184' title='bbox 993 1299 1128 1338; x_wconf 90' lang='lat' dir='ltr'>iudeus</span> <span class='ocrx_word' id='word_1_185' title='bbox 1148 1305 1237 1338; x_wconf 89' lang='lat' dir='ltr'>ante</span> <span class='ocrx_word' id='word_1_186' title='bbox 1252 1300 1486 1349; x_wconf 84' lang='lat' dir='ltr'>presentiam</span> <span class='ocrx_word' id='word_1_187' title='bbox 1505 1302 1666 1352; x_wconf 84' lang='lat' dir='ltr'>impera·</span> 
     </span>
     <span class='ocr_line' id='line_1_45' title="bbox 994 1358 1667 1410; baseline 0.003 -14"><span class='ocrx_word' id='word_1_188' title='bbox 994 1359 1088 1397; x_wconf 87' lang='lat' dir='ltr'>toris</span> <span class='ocrx_word' id='word_1_189' title='bbox 1144 1358 1299 1397; x_wconf 89' lang='lat' dir='ltr'>ueniam</span> <span class='ocrx_word' id='word_1_190' title='bbox 1355 1366 1489 1410; x_wconf 91' lang='lat' dir='ltr'>petens</span> <span class='ocrx_word' id='word_1_191' title='bbox 1536 1360 1667 1399; x_wconf 86' lang='lat' dir='ltr'>omnia</span> 
     </span>
     <span class='ocr_line' id='line_1_46' title="bbox 995 1417 1666 1470; baseline 0.004 -15"><span class='ocrx_word' id='word_1_192' title='bbox 995 1417 1154 1467; x_wconf 90' lang='lat' dir='ltr'>qualiter</span> <span class='ocrx_word' id='word_1_193' title='bbox 1189 1419 1246 1456; x_wconf 89' lang='lat' dir='ltr'>vel</span> <span class='ocrx_word' id='word_1_194' title='bbox 1285 1420 1478 1469; x_wconf 91' lang='lat' dir='ltr'>quomodo</span> <span class='ocrx_word' id='word_1_195' title='bbox 1517 1419 1666 1470; x_wconf 85' lang='lat' dir='ltr'>egisset,</span> 
     </span>
     <span class='ocr_line' id='line_1_47' title="bbox 995 1477 1669 1528; baseline 0.004 -13"><span class='ocrx_word' id='word_1_196' title='bbox 995 1490 1061 1527; x_wconf 91' lang='lat' dir='ltr'>per</span> <span class='ocrx_word' id='word_1_197' title='bbox 1108 1477 1283 1516; x_wconf 88' lang='lat' dir='ltr'>ordinem</span> <span class='ocrx_word' id='word_1_198' title='bbox 1340 1478 1482 1528; x_wconf 83' lang='lat' dir='ltr'>pandit.</span> <span class='ocrx_word' id='word_1_199' title='bbox 1557 1479 1669 1518; x_wconf 86' lang='lat' dir='ltr'>Tunc</span> 
     </span>
     <span class='ocr_line' id='line_1_48' title="bbox 996 1536 1668 1588; baseline 0.004 -14"><span class='ocrx_word' id='word_1_200' title='bbox 996 1536 1203 1586; x_wconf 89' lang='lat' dir='ltr'>imperator</span> <span class='ocrx_word' id='word_1_201' title='bbox 1258 1537 1396 1575; x_wconf 88' lang='lat' dir='ltr'>iterum</span> <span class='ocrx_word' id='word_1_202' title='bbox 1452 1537 1668 1588; x_wconf 89' lang='lat' dir='ltr'>iterumque</span> 
     </span>
     <span class='ocr_line' id='line_1_49' title="bbox 995 1595 1667 1647; baseline 0.004 -14"><span class='ocrx_word' id='word_1_203' title='bbox 995 1595 1118 1633; x_wconf 87' lang='lat' dir='ltr'>Deum</span> <span class='ocrx_word' id='word_1_204' title='bbox 1139 1596 1360 1635; x_wconf 86' lang='lat' dir='ltr'>collaudans</span> <span class='ocrx_word' id='word_1_205' title='bbox 1381 1602 1418 1635; x_wconf 91' lang='lat' dir='ltr'>et</span> <span class='ocrx_word' id='word_1_206' title='bbox 1437 1596 1667 1647; x_wconf 77' lang='lat' dir='ltr'>glorificans,</span> 
     </span>
     <span class='ocr_line' id='line_1_50' title="bbox 996 1654 1667 1706; baseline 0.004 -14"><span class='ocrx_word' id='word_1_207' title='bbox 996 1654 1058 1704; x_wconf 90' lang='lat' dir='ltr'>qui</span> <span class='ocrx_word' id='word_1_208' title='bbox 1079 1661 1185 1693; x_wconf 80' lang='lat' dir='ltr'>tanta</span> <span class='ocrx_word' id='word_1_209' title='bbox 1203 1656 1391 1694; x_wconf 85' lang='lat' dir='ltr'>mirabilia</span> <span class='ocrx_word' id='word_1_210' title='bbox 1412 1670 1477 1706; x_wconf 91' lang='lat' dir='ltr'>per</span> <span class='ocrx_word' id='word_1_211' title='bbox 1492 1661 1667 1695; x_wconf 84' lang='lat' dir='ltr'>sanctam</span> 
     </span>
     <span class='ocr_line' id='line_1_51' title="bbox 994 1714 1669 1765; baseline 0.003 -13"><span class='ocrx_word' id='word_1_212' title='bbox 994 1714 1202 1764; x_wconf 84' lang='lat' dir='ltr'>imaginem</span> <span class='ocrx_word' id='word_1_213' title='bbox 1244 1728 1355 1753; x_wconf 89' lang='lat' dir='ltr'>suam</span> <span class='ocrx_word' id='word_1_214' title='bbox 1392 1716 1570 1765; x_wconf 84' lang='lat' dir='ltr'>dignatus</span> <span class='ocrx_word' id='word_1_215' title='bbox 1611 1721 1669 1754; x_wconf 88' lang='lat' dir='ltr'>est</span> 
     </span>
     <span class='ocr_line' id='line_1_52' title="bbox 995 1774 1669 1824; baseline 0.001 -11"><span class='ocrx_word' id='word_1_216' title='bbox 995 1774 1208 1820; x_wconf 88' lang='lat' dir='ltr'>ostendere,</span> <span class='ocrx_word' id='word_1_217' title='bbox 1238 1774 1468 1824; x_wconf 89' lang='lat' dir='ltr'>predicabat.</span> <span class='ocrx_word' id='word_1_218' title='bbox 1525 1775 1669 1814; x_wconf 87' lang='lat' dir='ltr'>Eadem</span> 
     </span>
    </p>
   </div>
   <div class='ocr_carea' id='block_1_5' title="bbox 251 1968 1673 2120">
    <p class='ocr_par' dir='ltr' id='par_1_7' title="bbox 251 1968 1673 2120">
     <span class='ocr_line' id='line_1_53' title="bbox 360 1968 1673 2015; baseline 0 -10"><span class='ocrx_word' id='word_1_219' title='bbox 360 1972 374 2004; x_wconf 95' lang='lat'>1</span> <span class='ocrx_word' id='word_1_220' title='bbox 405 1971 441 2005; x_wconf 91' lang='lat' dir='ltr'>in</span> <span class='ocrx_word' id='word_1_221' title='bbox 460 1970 678 2015; x_wconf 78' lang='lat' dir='ltr'>presentiam</span> <span class='ocrx_word' id='word_1_222' title='bbox 695 1971 781 2015; x_wconf 90' lang='lat' dir='ltr'>imp.</span> <span class='ocrx_word' id='word_1_223' title='bbox 801 1971 859 2009; x_wconf 79' lang='lat' dir='ltr'>M:</span> <span class='ocrx_word' id='word_1_224' title='bbox 887 1973 969 2005; x_wconf 82' lang='lat' dir='ltr'>ante</span> <span class='ocrx_word' id='word_1_225' title='bbox 988 1973 1220 2014; x_wconf 83' lang='lat' dir='ltr'>conspectum</span> <span class='ocrx_word' id='word_1_226' title='bbox 1238 1970 1322 2013; x_wconf 89' lang='lat' dir='ltr'>imp.</span> <span class='ocrx_word' id='word_1_227' title='bbox 1342 1971 1394 2011; x_wconf 77' lang='lat' dir='ltr'>A;</span> <span class='ocrx_word' id='word_1_228' title='bbox 1426 1980 1518 2014; x_wconf 82' lang='lat' dir='ltr'>pres.</span> <span class='ocrx_word' id='word_1_229' title='bbox 1536 1970 1621 2014; x_wconf 90' lang='lat' dir='ltr'>imp.</span> <span class='ocrx_word' id='word_1_230' title='bbox 1643 1968 1673 2005; x_wconf 84' lang='lat' dir='ltr'><strong><em>C</em></strong></span> 
     </span>
     <span class='ocr_line' id='line_1_54' title="bbox 251 2022 1673 2068; baseline -0.001 -10"><span class='ocrx_word' id='word_1_231' title='bbox 251 2024 351 2068; x_wconf 87' lang='lat' dir='ltr'>uero]</span> <span class='ocrx_word' id='word_1_232' title='bbox 385 2036 439 2060; x_wconf 88' lang='lat' dir='ltr'>om</span> <span class='ocrx_word' id='word_1_233' title='bbox 475 2025 508 2059; x_wconf 91' lang='lat' dir='ltr'><strong><em>V</em></strong></span> <span class='ocrx_word' id='word_1_234' title='bbox 564 2035 648 2068; x_wconf 80' lang='lat' dir='ltr'>ergo</span> <span class='ocrx_word' id='word_1_235' title='bbox 678 2024 743 2060; x_wconf 86' lang='lat' dir='ltr'>AC</span> <span class='ocrx_word' id='word_1_236' title='bbox 803 2025 823 2058; x_wconf 78' lang='lat'><strong>2</strong></span> <span class='ocrx_word' id='word_1_237' title='bbox 861 2024 966 2068; x_wconf 90' lang='grc' dir='ltr'>113ηο]</span> <span class='ocrx_word' id='word_1_238' title='bbox 1003 2026 1045 2062; x_wconf 70' lang='grc'>-1-</span> <span class='ocrx_word' id='word_1_239' title='bbox 1082 2023 1259 2058; x_wconf 84' lang='lat' dir='ltr'>uisionem</span> <span class='ocrx_word' id='word_1_240' title='bbox 1296 2025 1347 2062; x_wconf 84' lang='lat' dir='ltr'>A;</span> <span class='ocrx_word' id='word_1_241' title='bbox 1387 2035 1441 2059; x_wconf 82' lang='lat' dir='ltr'>om</span> <span class='ocrx_word' id='word_1_242' title='bbox 1478 2022 1508 2059; x_wconf 85' lang='lat' dir='ltr'><em>G</em></span> <span class='ocrx_word' id='word_1_243' title='bbox 1565 2023 1673 2066; x_wconf 85' lang='lat' dir='ltr'>glori-</span> 
     </span>
     <span class='ocr_line' id='line_1_55' title="bbox 252 2076 1671 2120; baseline 0 -8"><span class='ocrx_word' id='word_1_244' title='bbox 252 2078 384 2119; x_wconf 85' lang='lat' dir='ltr'>ficauit,</span> <span class='ocrx_word' id='word_1_245' title='bbox 424 2078 643 2112; x_wconf 84' lang='lat' dir='ltr'>collaudauit</span> <span class='ocrx_word' id='word_1_246' title='bbox 670 2079 715 2113; x_wconf 87' lang='lat' dir='ltr'><strong><em>M</em></strong></span> <span class='ocrx_word' id='word_1_247' title='bbox 779 2078 918 2112; x_wconf 80' lang='lat' dir='ltr'>41hes.</span> <span class='ocrx_word' id='word_1_248' title='bbox 944 2097 989 2101; x_wconf 89' lang='lat'>—-</span> <span class='ocrx_word' id='word_1_249' title='bbox 1014 2078 1123 2120; x_wconf 75' lang='lat' dir='ltr'>dom]</span> <span class='ocrx_word' id='word_1_250' title='bbox 1163 2078 1271 2111; x_wconf 87' lang='lat' dir='ltr'>deum</span> <span class='ocrx_word' id='word_1_251' title='bbox 1303 2078 1338 2112; x_wconf 99' lang='lat' dir='ltr'><strong><em>A</em></strong></span> <span class='ocrx_word' id='word_1_252' title='bbox 1402 2078 1423 2111; x_wconf 78' lang='grc' dir='ltr'><em>ὃ</em></span> <span class='ocrx_word' id='word_1_253' title='bbox 1462 2076 1602 2111; x_wconf 83' lang='grc'>(11001131</span> <span class='ocrx_word' id='word_1_254' title='bbox 1636 2078 1671 2112; x_wconf 86' lang='lat' dir='ltr'><strong><em>A</em></strong></span> 
     </span>
    </p>
   </div>
   <div class='ocr_carea' id='block_1_6' title="bbox 252 2129 1680 2654">
    <p class='ocr_par' dir='ltr' id='par_1_8' title="bbox 252 2129 1680 2654">
     <span class='ocr_line' id='line_1_56' title="bbox 252 2129 1671 2175; baseline 0 -9"><span class='ocrx_word' id='word_1_255' title='bbox 252 2132 348 2174; x_wconf 90' lang='lat' dir='ltr'>uere]</span> <span class='ocrx_word' id='word_1_256' title='bbox 376 2132 448 2165; x_wconf 89' lang='lat' dir='ltr'>scio</span> <span class='ocrx_word' id='word_1_257' title='bbox 475 2131 559 2175; x_wconf 85' lang='lat' dir='ltr'>quia</span> <span class='ocrx_word' id='word_1_258' title='bbox 585 2135 620 2167; x_wconf 88' lang='lat' dir='ltr'><strong><em>A</em></strong></span> <span class='ocrx_word' id='word_1_259' title='bbox 687 2133 708 2165; x_wconf 89' lang='grc'><strong>6</strong></span> <span class='ocrx_word' id='word_1_260' title='bbox 733 2131 780 2175; x_wconf 86' lang='grc'>01]</span> <span class='ocrx_word' id='word_1_261' title='bbox 806 2143 861 2167; x_wconf 88' lang='lat' dir='ltr'>om</span> <span class='ocrx_word' id='word_1_262' title='bbox 890 2132 919 2167; x_wconf 81' lang='lat' dir='ltr'><strong><em>C</em></strong></span> <span class='ocrx_word' id='word_1_263' title='bbox 981 2135 1060 2165; x_wconf 84' lang='lat' dir='ltr'>stat.</span> <span class='ocrx_word' id='word_1_264' title='bbox 1085 2130 1188 2165; x_wconf 84' lang='lat' dir='ltr'>iussit</span> <span class='ocrx_word' id='word_1_265' title='bbox 1215 2130 1331 2167; x_wconf 77' lang='grc' dir='ltr'>ΛΟΜ</span> <span class='ocrx_word' id='word_1_266' title='bbox 1391 2140 1564 2174; x_wconf 88' lang='lat' dir='ltr'>precones</span> <span class='ocrx_word' id='word_1_267' title='bbox 1588 2129 1671 2171; x_wconf 83' lang='lat' dir='ltr'>AC&#39;;</span> 
     </span>
     <span class='ocr_line' id='line_1_57' title="bbox 253 2183 1673 2228; baseline -0.001 -8"><span class='ocrx_word' id='word_1_268' title='bbox 253 2196 308 2220; x_wconf 90' lang='lat' dir='ltr'>om</span> <span class='ocrx_word' id='word_1_269' title='bbox 334 2185 382 2219; x_wconf 84' lang='lat' dir='ltr'><strong><em>M</em></strong></span> <span class='ocrx_word' id='word_1_270' title='bbox 443 2185 610 2228; x_wconf 77' lang='lat' dir='ltr'>uerbum]</span> <span class='ocrx_word' id='word_1_271' title='bbox 647 2196 700 2220; x_wconf 80' lang='lat' dir='ltr'>om</span> <span class='ocrx_word' id='word_1_272' title='bbox 743 2184 772 2220; x_wconf 87' lang='grc' dir='ltr'><em>Ο</em></span> <span class='ocrx_word' id='word_1_273' title='bbox 835 2185 853 2219; x_wconf 88' lang='grc'><strong>7</strong></span> <span class='ocrx_word' id='word_1_274' title='bbox 893 2185 1007 2218; x_wconf 88' lang='lat' dir='ltr'>emitti</span> <span class='ocrx_word' id='word_1_275' title='bbox 1034 2185 1075 2218; x_wconf 76' lang='lat' dir='ltr'><em>M</em></span> <span class='ocrx_word' id='word_1_276' title='bbox 1141 2184 1182 2227; x_wconf 89' lang='lat' dir='ltr'>si]</span> <span class='ocrx_word' id='word_1_277' title='bbox 1217 2195 1272 2219; x_wconf 88' lang='lat' dir='ltr'>om</span> <span class='ocrx_word' id='word_1_278' title='bbox 1300 2183 1330 2219; x_wconf 81' lang='lat' dir='ltr'><em>C</em></span> <span class='ocrx_word' id='word_1_279' title='bbox 1391 2187 1611 2227; x_wconf 81' lang='lat' dir='ltr'>prepetraret</span> <span class='ocrx_word' id='word_1_280' title='bbox 1638 2185 1673 2219; x_wconf 89' lang='lat' dir='ltr'><strong><em>A</em></strong></span> 
     </span>
     <span class='ocr_line' id='line_1_58' title="bbox 254 2236 1677 2282; baseline -0.001 -10"><span class='ocrx_word' id='word_1_281' title='bbox 254 2239 276 2272; x_wconf 89' lang='grc'>8</span> <span class='ocrx_word' id='word_1_282' title='bbox 290 2237 337 2281; x_wconf 83' lang='grc'>01]</span> <span class='ocrx_word' id='word_1_283' title='bbox 354 2248 408 2273; x_wconf 88' lang='lat' dir='ltr'>om</span> <span class='ocrx_word' id='word_1_284' title='bbox 428 2238 505 2273; x_wconf 81' lang='lat' dir='ltr'>GM</span> <span class='ocrx_word' id='word_1_285' title='bbox 553 2249 618 2272; x_wconf 88' lang='lat' dir='ltr'>sua</span> <span class='ocrx_word' id='word_1_286' title='bbox 635 2237 780 2282; x_wconf 87' lang='lat' dir='ltr'>propria</span> <span class='ocrx_word' id='word_1_287' title='bbox 795 2237 826 2273; x_wconf 82' lang='lat' dir='ltr'><strong><em>G</em></strong></span> <span class='ocrx_word' id='word_1_288' title='bbox 873 2239 893 2272; x_wconf 81' lang='lat'>9</span> <span class='ocrx_word' id='word_1_289' title='bbox 913 2237 1024 2272; x_wconf 86' lang='lat' dir='ltr'>nichil</span> <span class='ocrx_word' id='word_1_290' title='bbox 1040 2257 1082 2261; x_wconf 87' lang='lat'>-—</span> <span class='ocrx_word' id='word_1_291' title='bbox 1098 2237 1209 2279; x_wconf 80' lang='lat' dir='ltr'>uind.]</span> <span class='ocrx_word' id='word_1_292' title='bbox 1223 2249 1277 2273; x_wconf 88' lang='lat' dir='ltr'>om</span> <span class='ocrx_word' id='word_1_293' title='bbox 1289 2236 1319 2273; x_wconf 81' lang='lat' dir='ltr'><strong><em>G</em></strong></span> <span class='ocrx_word' id='word_1_294' title='bbox 1369 2237 1412 2270; x_wconf 91' lang='grc'>10</span> <span class='ocrx_word' id='word_1_295' title='bbox 1428 2237 1575 2271; x_wconf 88' lang='lat' dir='ltr'>sentiret</span> <span class='ocrx_word' id='word_1_296' title='bbox 1592 2237 1677 2272; x_wconf 85' lang='lat' dir='ltr'>AM</span> 
     </span>
     <span class='ocr_line' id='line_1_59' title="bbox 257 2290 1674 2334; baseline -0.001 -9"><span class='ocrx_word' id='word_1_297' title='bbox 257 2291 415 2325; x_wconf 85' lang='lat' dir='ltr'>uindicte</span> <span class='ocrx_word' id='word_1_298' title='bbox 433 2292 467 2326; x_wconf 87' lang='lat' dir='ltr'><strong><em>A</em></strong></span> <span class='ocrx_word' id='word_1_299' title='bbox 517 2290 662 2325; x_wconf 84' lang='lat' dir='ltr'>lesionis</span> <span class='ocrx_word' id='word_1_300' title='bbox 676 2291 725 2325; x_wconf 90' lang='lat' dir='ltr'><strong><em>M</em></strong></span> <span class='ocrx_word' id='word_1_301' title='bbox 769 2291 864 2334; x_wconf 87' lang='lat' dir='ltr'>quod</span> <span class='ocrx_word' id='word_1_302' title='bbox 883 2291 911 2325; x_wconf 87' lang='grc'>51</span> <span class='ocrx_word' id='word_1_303' title='bbox 930 2311 975 2316; x_wconf 91' lang='grc'><strong>-</strong></span> <span class='ocrx_word' id='word_1_304' title='bbox 994 2291 1112 2333; x_wconf 82' lang='lat' dir='ltr'>suerit]</span> <span class='ocrx_word' id='word_1_305' title='bbox 1132 2291 1220 2325; x_wconf 79' lang='lat' dir='ltr'>alias</span> <span class='ocrx_word' id='word_1_306' title='bbox 1239 2294 1357 2324; x_wconf 81' lang='lat' dir='ltr'>autem</span> <span class='ocrx_word' id='word_1_307' title='bbox 1383 2290 1413 2325; x_wconf 84' lang='lat' dir='ltr'>si</span> <span class='ocrx_word' id='word_1_308' title='bbox 1431 2290 1674 2334; x_wconf 85' lang='lat' dir='ltr'>deprehensus</span> 
     </span>
     <span class='ocr_line' id='line_1_60' title="bbox 256 2343 1673 2388; baseline -0.001 -10"><span class='ocrx_word' id='word_1_309' title='bbox 256 2344 363 2378; x_wconf 83' lang='lat' dir='ltr'>suerit</span> <span class='ocrx_word' id='word_1_310' title='bbox 388 2344 435 2378; x_wconf 85' lang='lat' dir='ltr'><strong><em>M</em></strong></span> <span class='ocrx_word' id='word_1_311' title='bbox 484 2345 526 2378; x_wconf 86' lang='lat'>13</span> <span class='ocrx_word' id='word_1_312' title='bbox 552 2344 696 2388; x_wconf 80' lang='lat' dir='ltr'>quippe]</span> <span class='ocrx_word' id='word_1_313' title='bbox 722 2355 778 2379; x_wconf 88' lang='lat' dir='ltr'>om</span> <span class='ocrx_word' id='word_1_314' title='bbox 803 2346 837 2379; x_wconf 91' lang='lat' dir='ltr'><strong><em>A</em></strong></span> <span class='ocrx_word' id='word_1_315' title='bbox 888 2344 991 2388; x_wconf 89' lang='lat' dir='ltr'>plect.</span> <span class='ocrx_word' id='word_1_316' title='bbox 1012 2346 1136 2388; x_wconf 84' lang='lat' dir='ltr'>cap.A</span> <span class='ocrx_word' id='word_1_317' title='bbox 1190 2344 1233 2377; x_wconf 82' lang='lat'>14</span> <span class='ocrx_word' id='word_1_318' title='bbox 1251 2354 1336 2386; x_wconf 78' lang='lat' dir='ltr'>ergo</span> <span class='ocrx_word' id='word_1_319' title='bbox 1362 2344 1407 2377; x_wconf 82' lang='lat' dir='ltr'><em>M</em></span> <span class='ocrx_word' id='word_1_320' title='bbox 1454 2343 1534 2386; x_wconf 81' lang='lat' dir='ltr'>hoc]</span> <span class='ocrx_word' id='word_1_321' title='bbox 1559 2354 1613 2378; x_wconf 86' lang='lat' dir='ltr'>om</span> <span class='ocrx_word' id='word_1_322' title='bbox 1642 2344 1673 2378; x_wconf 83' lang='lat' dir='ltr'><strong><em>A</em></strong></span> 
     </span>
     <span class='ocr_line' id='line_1_61' title="bbox 259 2397 1674 2441; baseline -0.001 -9"><span class='ocrx_word' id='word_1_323' title='bbox 259 2399 302 2432; x_wconf 76' lang='lat'>15</span> <span class='ocrx_word' id='word_1_324' title='bbox 328 2401 362 2432; x_wconf 90' lang='lat' dir='ltr'>et</span> <span class='ocrx_word' id='word_1_325' title='bbox 388 2397 479 2440; x_wconf 77' lang='grc'>11115]</span> <span class='ocrx_word' id='word_1_326' title='bbox 507 2397 601 2431; x_wconf 84' lang='lat' dir='ltr'>iudei</span> <span class='ocrx_word' id='word_1_327' title='bbox 631 2397 660 2432; x_wconf 87' lang='lat' dir='ltr'><strong><em>C</em></strong></span> <span class='ocrx_word' id='word_1_328' title='bbox 710 2398 751 2431; x_wconf 88' lang='grc'>16</span> <span class='ocrx_word' id='word_1_329' title='bbox 777 2401 811 2431; x_wconf 89' lang='grc'>01</span> <span class='ocrx_word' id='word_1_330' title='bbox 837 2401 963 2441; x_wconf 85' lang='lat' dir='ltr'>sponte</span> <span class='ocrx_word' id='word_1_331' title='bbox 988 2397 1047 2438; x_wconf 82' lang='lat' dir='ltr'>M;</span> <span class='ocrx_word' id='word_1_332' title='bbox 1074 2400 1201 2441; x_wconf 82' lang='lat' dir='ltr'>sponte</span> <span class='ocrx_word' id='word_1_333' title='bbox 1227 2400 1260 2431; x_wconf 85' lang='lat' dir='ltr'>et</span> <span class='ocrx_word' id='word_1_334' title='bbox 1279 2397 1509 2431; x_wconf 78' lang='lat' dir='ltr'>manifestare</span> <span class='ocrx_word' id='word_1_335' title='bbox 1531 2397 1621 2440; x_wconf 89' lang='lat' dir='ltr'>cepit</span> <span class='ocrx_word' id='word_1_336' title='bbox 1640 2397 1674 2431; x_wconf 89' lang='lat' dir='ltr'><strong><em>A</em></strong></span> 
     </span>
     <span class='ocr_line' id='line_1_62' title="bbox 259 2449 1680 2494; baseline -0.001 -9"><span class='ocrx_word' id='word_1_337' title='bbox 259 2452 300 2485; x_wconf 93' lang='lat'>17</span> <span class='ocrx_word' id='word_1_338' title='bbox 333 2451 490 2493; x_wconf 89' lang='lat' dir='ltr'>iudeum]</span> <span class='ocrx_word' id='word_1_339' title='bbox 518 2451 561 2493; x_wconf 78' lang='grc' dir='ltr'>-Ι-</span> <span class='ocrx_word' id='word_1_340' title='bbox 589 2451 709 2484; x_wconf 80' lang='lat' dir='ltr'>uimm</span> <span class='ocrx_word' id='word_1_341' title='bbox 741 2461 846 2484; x_wconf 87' lang='lat' dir='ltr'>suum</span> <span class='ocrx_word' id='word_1_342' title='bbox 877 2451 907 2485; x_wconf 86' lang='lat' dir='ltr'><strong><em>C</em></strong></span> <span class='ocrx_word' id='word_1_343' title='bbox 969 2451 1014 2484; x_wconf 69' lang='lat'>⁶22</span> <span class='ocrx_word' id='word_1_344' title='bbox 1052 2451 1247 2494; x_wconf 88' lang='lat' dir='ltr'>imperator</span> <span class='ocrx_word' id='word_1_345' title='bbox 1283 2449 1413 2494; x_wconf 74' lang='lat' dir='ltr'>gaudio</span> <span class='ocrx_word' id='word_1_346' title='bbox 1451 2449 1606 2493; x_wconf 83' lang='lat' dir='ltr'>repletus</span> <span class='ocrx_word' id='word_1_347' title='bbox 1632 2449 1680 2483; x_wconf 89' lang='lat' dir='ltr'><strong><em>M</em></strong></span> 
     </span>
     <span class='ocr_line' id='line_1_63' title="bbox 256 2502 1674 2548; baseline -0.001 -10"><span class='ocrx_word' id='word_1_348' title='bbox 256 2506 302 2539; x_wconf 74' lang='lat'>23</span> <span class='ocrx_word' id='word_1_349' title='bbox 337 2505 548 2548; x_wconf 78' lang='lat' dir='ltr'>glorificauit</span> <span class='ocrx_word' id='word_1_350' title='bbox 583 2508 616 2538; x_wconf 88' lang='lat' dir='ltr'>et</span> <span class='ocrx_word' id='word_1_351' title='bbox 651 2504 869 2539; x_wconf 87' lang='lat' dir='ltr'>collaudauit</span> <span class='ocrx_word' id='word_1_352' title='bbox 899 2503 1087 2538; x_wconf 87' lang='lat' dir='ltr'>dominum</span> <span class='ocrx_word' id='word_1_353' title='bbox 1124 2507 1286 2538; x_wconf 86' lang='lat' dir='ltr'>nostrum</span> <span class='ocrx_word' id='word_1_354' title='bbox 1323 2503 1466 2537; x_wconf 79' lang='grc'>1110511111</span> <span class='ocrx_word' id='word_1_355' title='bbox 1492 2502 1674 2537; x_wconf 84' lang='lat' dir='ltr'>Christum</span> 
     </span>
     <span class='ocr_line' id='line_1_64' title="bbox 257 2555 1679 2602; baseline -0.001 -10"><span class='ocrx_word' id='word_1_356' title='bbox 257 2558 317 2602; x_wconf 84' lang='lat' dir='ltr'>qui</span> <span class='ocrx_word' id='word_1_357' title='bbox 346 2559 387 2593; x_wconf 89' lang='lat' dir='ltr'><em>M</em></span> <span class='ocrx_word' id='word_1_358' title='bbox 449 2557 669 2600; x_wconf 77' lang='lat' dir='ltr'>collaudans]</span> <span class='ocrx_word' id='word_1_359' title='bbox 698 2560 735 2597; x_wconf 60' lang='grc'>-1-</span> <span class='ocrx_word' id='word_1_360' title='bbox 765 2561 800 2591; x_wconf 87' lang='lat' dir='ltr'>et</span> <span class='ocrx_word' id='word_1_361' title='bbox 835 2557 1038 2599; x_wconf 72' lang='lat' dir='ltr'>glorificans</span> <span class='ocrx_word' id='word_1_362' title='bbox 1065 2560 1098 2593; x_wconf 78' lang='lat' dir='ltr'><strong><em>A</em></strong></span> <span class='ocrx_word' id='word_1_363' title='bbox 1164 2558 1207 2591; x_wconf 70' lang='lat'>27</span> <span class='ocrx_word' id='word_1_364' title='bbox 1235 2557 1374 2591; x_wconf 85' lang='lat' dir='ltr'>hisdem</span> <span class='ocrx_word' id='word_1_365' title='bbox 1401 2557 1435 2592; x_wconf 90' lang='lat' dir='ltr'><em>L</em></span> <span class='ocrx_word' id='word_1_366' title='bbox 1491 2555 1603 2590; x_wconf 79' lang='lat' dir='ltr'>isdem</span> <span class='ocrx_word' id='word_1_367' title='bbox 1631 2555 1679 2590; x_wconf 85' lang='lat' dir='ltr'><strong><em>M</em></strong></span> 
     </span>
     <span class='ocr_line' id='line_1_65' title="bbox 258 2611 972 2654; baseline 0.001 -9"><span class='ocrx_word' id='word_1_368' title='bbox 258 2611 364 2654; x_wconf 84' lang='lat' dir='ltr'>cred.]</span> <span class='ocrx_word' id='word_1_369' title='bbox 395 2614 433 2652; x_wconf 64' lang='lat'>÷</span> <span class='ocrx_word' id='word_1_370' title='bbox 464 2611 610 2645; x_wconf 88' lang='lat' dir='ltr'>domino</span> <span class='ocrx_word' id='word_1_371' title='bbox 638 2611 741 2645; x_wconf 78' lang='lat' dir='ltr'>lhesu</span> <span class='ocrx_word' id='word_1_372' title='bbox 769 2611 910 2645; x_wconf 82' lang='lat' dir='ltr'>Christo</span> <span class='ocrx_word' id='word_1_373' title='bbox 937 2613 972 2646; x_wconf 90' lang='lat' dir='ltr'><strong><em>A</em></strong></span> 
     </span>
    </p>
   </div>
  </div>
 </body>
</html>
