1834 2967
857 158 902 162 ——
960 136 983 173 2

268 274 345 299 non
376 260 481 311 potui
510 260 595 310 plus
624 260 759 298 facere.
801 258 953 297 Etenim
982 258 1012 296 si
1042 257 1271 307 possibilitas
1300 257 1533 295 rescribendi
1561 262 1672 304 esset,

265 325 301 358 et
329 319 448 358 uerba
477 318 730 358 consonantia
758 317 976 356 inuenirem
1013 322 1049 355 et
1078 317 1208 355 stilum
1245 316 1411 365 aliquem
1448 316 1599 354 dulcem
1633 315 1672 354 in

265 379 534 428 componendo
561 378 758 416 haberem.
815 377 890 415 Sed
919 376 994 414 hoc
1022 375 1133 414 uobis
1162 375 1349 424 relinquo,
1379 373 1443 424 qui
1463 374 1671 413 sanctiores

265 443 301 476 et
329 437 578 488 sapientiores
598 437 706 476 estis:
735 435 851 474 huius
880 435 1054 485 opusculi
1079 434 1280 473 materiam
1308 439 1345 473 et
1373 434 1523 472 fidelem
1551 439 1672 472 trans-

210 497 233 533 5
260 496 443 535 lationem
475 509 545 534 uos
580 496 808 546 componite,
845 499 885 532 ut
911 495 1029 532 decet.
1071 493 1170 532 Nam
1205 494 1303 532 bene
1331 492 1554 543 linquimus,
1585 493 1673 542 quia

263 561 410 606 patrem
447 554 711 594 Iheronimum
748 553 801 592 sic
838 552 994 591 fecisse*
1026 553 1207 603 legimus:
1247 552 1377 591 Primo
1420 551 1572 601 quidem
1606 565 1674 601 per

263 614 464 665 scriptores
502 612 658 652 notariis
701 611 901 658 scribebat,
936 611 1073 650 deinde
1101 625 1168 661 per
1196 624 1237 650 se
1265 611 1392 662 ipsum
1430 611 1569 649 dictata
1595 623 1675 649 cor-

261 673 408 723 rigebat
436 678 473 711 et
501 672 730 711 emendabat
765 676 801 709 et
830 671 883 709 sic
918 671 966 709 ad
1005 670 1251 709 scribendum
1287 669 1451 708 librariis
1489 670 1674 709 tradebat.

262 731 376 770 Michi
414 737 542 770 autem
567 732 639 769 hec
667 729 798 768 omnia
826 729 988 768 faciendi
1016 729 1245 779 possibilitas
1282 742 1360 768 non
1399 728 1479 776 fuit,
1519 728 1608 778 quia
1634 728 1674 767 in

144 791 344 830 857vloco
386 790 425 828 in
469 803 544 839 quo
581 789 710 828 habito
749 801 827 826 non
867 789 991 826 solum
1031 789 1147 827 modo
1168 786 1182 838 Η
1202 787 1374 826 notarius
1415 793 1481 827 aut
1514 787 1675 838 scriptor

261 863 341 888 non
375 849 578 893 invenitur,
616 861 753 887 uerum
791 847 912 886 eciam
953 847 1018 896 qui
1058 847 1222 886 latinum
1262 847 1427 886 uerbum
1465 846 1557 886 sciat
1594 860 1674 885 non

262 908 468 946 inuenitur.
519 905 644 946 Unde¹
672 920 806 957 precor
844 909 936 945 uos*
975 919 1111 945 omnes
1154 906 1216 956 qui
1253 905 1386 945 lecturi
1427 906 1534 945 estis:
1572 907 1675 955 quod

262 967 530 1017 corrigendum
549 972 608 1005 est
627 965 814 1016 corrigite,
844 967 945 1016 quod
965 967 1251 1004 emendandum
1271 966 1471 1005 emendate
1491 971 1527 1004 et
1547 965 1677 1011 michi,

157 1031 186 1065 B
201 1031 244 1065 81
263 1039 392 1076 queso,
422 1025 577 1064 ueniam
606 1024 725 1064 date.2
746 1024 760 1075 ΙΙ

186 1086 233 1123 15
369 1085 444 1124 Pro
473 1085 536 1123 illo
565 1086 680 1123 uero*
708 1084 905 1132 PantaleO,
943 1083 1008 1134 qui
1035 1084 1110 1122 hoc
1135 1085 1300 1132 fideliter
1328 1084 1452 1122 facere
1480 1083 1600 1130 iussit,
1640 1087 1675 1122 et

262 1157 330 1195 pro
373 1144 484 1183 uobis
525 1144 793 1194 deprecamini,
842 1144 1022 1193 quatinus
1062 1156 1130 1194 per
1172 1145 1343 1181 uestras*
1382 1143 1676 1181 intercessiones

261 1216 480 1242 mereamur
518 1203 693 1241 omnium
735 1208 980 1253 peccatorum
1018 1208 1240 1241 nostrorum
1281 1202 1550 1240 remissionem
1584 1207 1676 1251 aput

261 1264 385 1301 Deum
425 1269 459 1301 et
500 1262 702 1301 dominum
740 1267 918 1301 nostrum
958 1262 1114 1300 Ihesum
1150 1261 1359 1308 Christum,
1399 1274 1514 1311 quem
1543 1261 1677 1299 sunda-

261 1327 438 1361 mentum
458 1321 564 1372 operi
591 1327 725 1360 nostro
745 1322 938 1371 ponimus,
969 1321 1034 1370 qui
1062 1334 1150 1359 cum
1169 1321 1284 1359 Patre
1313 1326 1350 1359 et
1369 1320 1513 1371 Spiritu
1541 1325 1679 1358 sancto

183 1381 234 1419 ,020
263 1381 357 1420 uiuit
385 1386 422 1420 et
450 1386 584 1430 regnat
612 1381 714 1419 Deus
744 1394 810 1431 per
839 1380 969 1419 omnia
998 1380 1127 1419 secula
1154 1380 1384 1419 seculorum.
1427 1378 1590 1418 Amen.³

371 1489 385 1522 1
421 1488 544 1522 fuisset
577 1487 685 1522 etiam
712 1488 799 1527 (Ks)
827 1497 932 1521 rescr.
957 1488 1029 1520 ΕΚ
1092 1487 1112 1519 6
1144 1486 1365 1520 leronimum
1396 1487 1473 1519 ΕΚ
1529 1486 1550 1519 8
1581 1484 1676 1519 trad.

260 1542 339 1576 libr.
363 1543 400 1575 K
441 1542 484 1575 10
501 1541 620 1584 modo]
645 1543 680 1580 -l-
702 1541 786 1584 quia
803 1542 883 1576 ΕΚ
926 1541 968 1574 13
987 1540 1266 1582 emendandum]
1289 1542 1328 1580 -ξ-
1349 1542 1401 1574 est
1418 1540 1493 1573 ΕΚ
1530 1540 1570 1572 16
1589 1549 1675 1583 qua-

260 1599 365 1629 tenus
390 1596 468 1629 ΕΚ

373 1652 382 1671 ¹
408 1647 479 1682 BT
499 1649 718 1681 continuant.
770 1645 784 1665 ²
808 1648 879 1680 BT
901 1647 1077 1689 deficiunt.
1129 1644 1142 1664 ³
1173 1648 1205 1680 T
1225 1647 1346 1679 addit:
1369 1646 1545 1679 Secuntur
1569 1644 1678 1679 mira·

263 1701 341 1736 cula
367 1712 436 1745 que
461 1701 644 1735 -Johannes
670 1700 870 1734 monachus
895 1700 1077 1733 transtulit
1103 1699 1146 1733 de
1173 1710 1277 1742 greco
1304 1699 1340 1733 in
1367 1698 1530 1733 latinum.

371 1808 400 1842 1.
428 1810 456 1842 S
479 1822 521 1836 =
549 1807 804 1848 Grundtext;
830 1807 906 1841 und
930 1818 1024 1841 zwar
1049 1806 1107 1841 fur
1131 1807 1200 1840 den
1218 1806 1444 1840 Paralleltext
1469 1806 1532 1840 der
1557 1810 1675 1840 ersten

263 1862 464 1905 Erzahlung
491 1876 532 1889 =
559 1862 605 1895 M
624 1861 825 1903 (Mfinchen)
851 1860 952 1901 links,
980 1877 1022 1890 =
1057 1861 1102 1893 W
1124 1859 1250 1902 (Wien)
1277 1860 1405 1894 rechts.

367 1915 400 1949 2.
426 1916 444 1932 ᾖ
471 1929 513 1943 =
540 1913 946 1957 Wortumstellung:

403 1969 434 2008 a)
474 1967 531 2001 hei
562 1967 607 2001 M
626 1968 662 2001 in
687 1967 764 2002 ΕΚ
786 1967 989 2011 gegennber
1010 1968 1052 2009 S;
1076 1978 1105 2001 z.
1124 1966 1162 2000 B.
1190 1967 1217 2000 S
1238 1966 1323 1999 mei*
1348 1969 1523 2000 sermonis
1542 1979 1582 1993 =
1601 1966 1678 1999 ΕΚ

474 2023 646 2054 sermonis
670 2022 756 2062 mei,-

404 2074 438 2114 b)
474 2074 509 2107 in
544 2075 588 2106 W
611 2073 814 2116 gegentiber
840 2075 883 2107 M
903 2074 965 2115 (z
985 2074 1027 2115 S)
1036 2086 1048 2114 ;
1073 2084 1101 2107 z.
1123 2073 1161 2107 B.
1190 2073 1234 2106 W
1257 2072 1388 2107 meum*
1415 2073 1601 2106 consilinm
1628 2085 1670 2099 =

475 2128 518 2160 M
540 2129 722 2161 consilium
750 2138 874 2160 meum.

368 2180 400 2213 3.
435 2185 463 2197 ·*
490 2195 532 2207 =
552 2180 817 2223 Andeutung
842 2180 905 2214 der
923 2180 1198 2222 L’mstellung
1225 2190 1294 2213 von
1319 2178 1417 2214 einer
1435 2177 1672 2220 Wortsolge

261 2233 297 2266 in
331 2233 375 2265 W
397 2233 600 2277 gegenuber
627 2235 683 2273 .1[,·
714 2244 743 2267 z.
769 2234 807 2268 B.
840 2234 884 2267 W
906 2235 1014 2266 *nolite
1045 2245 1096 2266 me
1121 2233 1294 2266 abiem-0³³*
1319 2233 1380 2266 sed
1409 2233 1517 2274 facite
1543 2242 1672 2265 mecum

261 2288 543 2319 miseric-ordiam.
570 2301 611 2314 =
641 2288 684 2320 JI
704 2287 811 2329 facite
836 2298 968 2321 mecum
993 2290 1070 2319 mis.
1090 2292 1119 2320 et
1147 2288 1252 2319 nolite
1279 2298 1329 2319 me
1355 2286 1498 2319 abicere.

367 2339 399 2373 4.
427 2339 584 2373 Kursiv
611 2354 652 2368 =
680 2339 781 2374 Plus
808 2341 844 2374 in
872 2341 899 2373 S
921 2340 1125 2383 gegentiber
1150 2341 1240 2381 Eli&
1266 2355 1307 2369 =
1337 2338 1536 2373 Yariante
1562 2338 1598 2371 in
1631 2338 1677 2370 W

262 2392 463 2435 gent-nuber
489 2393 532 2425 M
554 2393 614 2432 (=
643 2392 697 2432 S).

368 2446 400 2478 5.
427 2445 633 2489 Gesperrt
659 2446 700 2479 in
727 2448 769 2480 M
794 2461 833 2474 z
863 2447 964 2481 Plus
990 2447 1025 2480 in
1053 2448 1097 2481 M
1118 2447 1321 2490 gegentiber
1355 2448 1405 2480 W.

369 2501 398 2531 li.
427 2498 584 2532 Kursiv
610 2499 694 2533 und
722 2503 924 2543 gesperrt
950 2500 993 2534 in
1018 2501 1062 2532 W
1087 2515 1127 2528 z
1156 2500 1256 2534 Plus
1282 2499 1317 2534 in
1344 2498 1605 2543 li'gegenfiber
1624 2499 1671 2531 M.

370 2552 399 2585 7.
431 2552 480 2584 [fs
505 2565 546 2579 =
575 2553 611 2585 Κ
636 2556 897 2596 ει())ι’ν3(“νι“[ιία;
924 2555 990 2586 Km
1018 2569 1056 2582 =
1077 2554 1118 2588 K
1140 2554 1176 2587 in
1206 2556 1385 2597 m(11·511‘ne,·
1418 2554 1469 2586 ΚΓ
1492 2567 1531 2580 =
1553 2552 1589 2585 Κ
1613 2563 1672 2586 su-

257 2617 330 2648 pra
359 2617 547 2645 mauram,-
581 2609 619 2638 ’ΞΥ
641 2620 680 2633 =
710 2607 863 2639 sccnmla
892 2618 999 2640 mauu
1025 2618 1140 2650 supra
1167 2618 1345 2641 rasuram.
