1834 2967
709 135 971 172 —35—

132 264 274 298 uerunt
293 258 421 298 michi.
465 259 511 297 Et
527 259 607 297 sedi
627 264 715 297 ante
745 263 893 308 portam
924 257 1037 303 illius,
1067 257 1283 306 usquedum
1312 257 1543 306 procederet.

133 317 179 356 Et
221 331 308 357 ecce
346 318 487 368 aspicio
530 331 618 356 eum
665 317 705 355 in
747 316 891 355 multa*
930 315 1103 354 fantasia.
1160 316 1206 354 Et
1243 316 1414 354 clamans
1450 315 1543 354 dixi:

133 376 314 415 Miserere
342 377 430 423 mei,
469 377 609 426 aliquid
646 375 714 414 tibi
750 376 839 414 uolo
879 375 1074 413 nunciare.
1130 374 1212 424 Ipse
1241 387 1366 423 neque
1401 374 1545 412 audiuit

134 448 205 474 nec
234 436 381 487 aspexit
410 436 449 474 in
478 449 558 482 me;
589 436 656 473 sed
676 440 712 473 et
742 434 920 472 officiales
949 433 1007 471 sui
1037 438 1308 482 percusserunt
1327 447 1389 471 me
1409 435 1543 483 uiryis.

134 495 276 533 Iterum
305 494 428 533 dimisi
460 495 627 533 officium
666 499 702 532 et
740 506 968 543 precurrens
1007 492 1233 530 clamabam.
1290 492 1335 530 Et
1374 492 1544 530 similiter
1599 494 1622 530 5

134 554 313 592 officiales
333 554 391 593 sui
411 558 707 604 percusserunt
734 565 808 590 me.
851 552 899 590 Et
917 552 971 589 sic
990 551 1060 589 feci
1076 550 1293 601 periclitans
1314 551 1546 589 ebdomadas
1561 558 1587 591 E
1600 558 1665 591 166

135 618 298 662 quatuor
327 618 362 651 et
392 613 495 651 nullo
525 613 640 650 modo
669 611 774 661 potui
803 610 836 649 ei
863 611 979 660 loqui.

242 672 353 710 Tunc
393 684 480 709 cum
523 669 760 716 defecissem,
802 669 877 708 abii
918 675 954 708 et
989 669 1129 719 proieci
1163 682 1226 707 me
1262 669 1311 707 ad
1339 668 1544 718 imaginem

133 729 335 770 saluatoris
374 729 495 768 nostri
522 731 635 767 Ilzesu
668 729 816 767 Christi
853 741 940 767 cum
978 729 1082 766 luctu
1119 733 1154 766 et
1191 727 1358 766 lacrimis
1397 727 1543 766 dicens:

134 790 311 836 Domine,
350 789 508 827 absolue
545 801 608 826 me
644 788 692 827 ab
720 788 794 826 hac
832 786 1088 834 fideiussoria3
1128 786 1187 824 sin
1223 789 1364 832 autem,
1403 792 1439 824 et
1477 799 1544 835 ego
1578 790 1625 826 10

133 850 274 887 uadam
302 849 350 887 ad
379 848 564 886 seculum.
608 847 691 886 Hec
719 860 812 886 uero
840 846 880 885 in
910 847 1023 885 corde
1051 858 1137 884 meo
1158 858 1246 884 cum
1275 845 1453 891 diceremy
1482 845 1545 883 ob-

134 907 309 946 dormiui.
376 908 421 945 Et
465 920 552 945 ecce
595 906 795 945 conmocio
835 919 977 956 magna
1014 905 1112 955 cepit
1154 905 1245 943 fieri.
1310 905 1358 942 Et
1397 904 1544 942 dicunt:

133 967 308 1017 Augusta
336 966 516 1017 procedit.
574 966 619 1004 Et
647 965 713 1015 qui
741 964 916 1015 preibant
952 970 1041 1003 ante
1069 978 1167 1011 eam,
1206 969 1313 1002 erant
1342 963 1451 1002 mirie
1478 963 1546 1001 mi-

132 1026 257 1065 riades
274 1031 310 1064 et
332 1026 435 1064 mille
455 1025 559 1064 milia
579 1025 734 1075 agmina
754 1025 793 1062 in
814 1024 936 1062 officio
951 1023 1044 1062 eius.
1088 1024 1134 1062 Et
1163 1023 1375 1062 exclamaui
1395 1022 1544 1061 dicens:

133 1085 314 1124 Miserere
351 1085 439 1131 mei,
480 1084 724 1123 dominatrix.
782 1084 867 1133 Ipsa
904 1088 1033 1121 autem
1071 1082 1174 1121 stetit
1210 1087 1244 1121 et
1284 1082 1377 1120 dixit
1410 1080 1544 1120 michi:
1579 1084 1624 1121 15

135 1145 236 1192 Quid
265 1149 322 1183 est
352 1146 453 1194 quod
482 1144 626 1182 habes?
681 1144 728 1181 Et
756 1142 833 1181 dixi
861 1142 912 1181 ei:
947 1142 1148 1192 Eulogium
1183 1142 1393 1192 eparchum
1421 1141 1547 1179 leuaui

133 1204 172 1242 in
215 1204 287 1243 fide
328 1217 427 1242 mea.
483 1203 576 1242 Iube
618 1216 707 1253 ergo
746 1203 843 1241 solui
881 1215 943 1240 me
981 1202 1028 1240 de
1065 1202 1136 1240 hac
1177 1200 1425 1239 fideiussoria.
1482 1200 1546 1238 Illa

133 1276 226 1302 uero
256 1263 324 1302 ait:
355 1263 434 1313 Ego
465 1275 622 1301 causam
652 1275 731 1300 non
760 1262 898 1300 habeo.
955 1261 1003 1299 Vt
1032 1262 1103 1308 uis,
1141 1261 1276 1310 conple
1306 1261 1434 1298 tuam*
1463 1272 1546 1309 pro-

133 1321 371 1360 missionem.

241 1381 287 1419 Et
315 1380 500 1419 excitatus
544 1380 621 1418 dixi
649 1380 697 1418 ad
734 1379 1022 1429 memetipsum:
1063 1378 1103 1417 Si
1138 1379 1298 1417 debeam
1326 1378 1438 1423 mori,
1468 1391 1543 1416 nor.
1576 1380 1626 1418 ΞΟ

134 1441 311 1478 recedam
341 1454 363 1478 a
391 1445 500 1490 porta
529 1439 622 1485 eius,
654 1437 727 1477 nisi
754 1439 890 1489 loquar
925 1439 972 1476 ad
1002 1451 1102 1476 eum.
1161 1439 1211 1476 Et
1239 1439 1317 1476 abii
1344 1443 1432 1476 ante
1456 1450 1547 1487 pol·-

135 1505 226 1538 tam.
285 1499 456 1549 Stetique
484 1498 570 1545 illic,
599 1499 816 1547 usquedum
846 1499 1079 1548 procederet.
1137 1498 1234 1536 Cum
1263 1502 1392 1536 autem
1421 1509 1548 1547 proce-

135 1559 252 1605 deret,
282 1558 421 1597 iterum
451 1557 627 1596 clamaui.
682 1558 729 1595 Et
758 1570 918 1595 currens
946 1556 1153 1595 hostiarius
1184 1556 1264 1595 eius
1303 1555 1404 1594 dedit
1432 1554 1547 1593 michi

135 1616 262 1667 uirgas
292 1622 432 1664 tantas⁷
460 1617 678 1666 usquedum
699 1616 865 1654 concidit
892 1621 1015 1654 totum
1045 1628 1183 1665 corpus
1211 1628 1343 1653 meum
1373 1628 1395 1653 a
1423 1615 1546 1664 plaga-

133 1689 220 1715 rum
255 1675 510 1715 multitudine.
569 1675 667 1715 Cum
712 1688 803 1713 uero
842 1675 1065 1713 defecissem
1102 1675 1153 1713 ita
1190 1680 1231 1712 ut
1269 1687 1346 1712 non
1391 1686 1544 1723 possem
1574 1675 1624 1712 25

135 1735 324 1774 sustinere
352 1735 487 1785 magis⁷
525 1735 603 1773 dixi
630 1734 748 1773 michi
776 1734 864 1784 ipsi:
904 1734 1048 1773 Eamus
1085 1734 1125 1772 in
1155 1733 1288 1772 Scitim
1325 1738 1362 1772 et
1397 1732 1428 1770 si
1465 1733 1546 1771 uult

135 1793 251 1841 Deus,
281 1795 401 1833 saluet
429 1795 643 1844 Eulogium.

242 1853 365 1892 Eunte
394 1859 521 1893 autem
556 1867 618 1892 me
647 1865 807 1902 querere
841 1866 983 1891 nauem
1019 1852 1151 1891 inueni
1179 1851 1481 1890 Alexandrinam
1511 1856 1547 1890 et

135 1911 285 1950 intrans
314 1913 353 1951 in
383 1926 469 1951 eam
497 1918 538 1951 ut
567 1912 804 1962 nauigarem,
834 1912 962 1950 statim
991 1911 1190 1951 conlocaui
1219 1924 1281 1949 me
1309 1910 1349 1949 in
1377 1911 1543 1960 quadam

135 1977 242 2021 parte
271 1971 380 2021 quasi
407 1977 584 2011 mortuus
604 1985 670 2022 pre
699 1971 819 2009 nimia
847 1971 1075 2010 defeccione.
1115 1971 1160 2009 Et
1189 1970 1300 2008 uideo
1328 1983 1391 2008 me
1418 1970 1544 2020 ipsum
1574 1969 1628 2007 30

135 2030 175 2068 in
205 2036 337 2069 sancta
364 2031 666 2070 Resurreccione
693 2030 732 2068 in
763 2029 911 2068 uisione
940 2034 976 2068 et
1004 2029 1190 2068 infantem
1213 2030 1320 2068 illum
1350 2029 1547 2067 sedentem

136 2102 252 2140 supra
281 2095 457 2128 sanctum
486 2090 652 2141 lapidem
690 2095 726 2128 et
763 2088 1010 2138 aspicientem
1038 2102 1101 2127 me
1139 2102 1228 2128 cum
1263 2087 1546 2138 indignacione⁷

136 2148 187 2187 ita
216 2153 257 2186 ut
286 2162 352 2199 pre
390 2149 527 2188 timore
565 2155 768 2187 tremerem
800 2153 841 2186 ut
869 2148 1000 2186 folium
1036 2154 1072 2186 et
1110 2161 1188 2186 non
1224 2148 1468 2198 preualebam
1505 2153 1547 2185 ut

135 2207 323 2257 aperirem
367 2220 409 2246 os
451 2221 580 2246 meum
601 2206 616 2259 ΙΙ
636 2213 678 2246 ut
718 2207 859 2256 aliquid
900 2207 1076 2246 dicerem.
1134 2207 1209 2246 Cor
1249 2212 1377 2246 autem
1413 2211 1667 2245 meumK149

244 2368 264 2401 3
292 2367 378 2410 ipse]
397 2369 436 2407 —l-
452 2378 538 2401 uero
556 2367 636 2402 ΕΚ
700 2368 723 2401 4
741 2368 820 2411 nec]
836 2368 1006 2411 nequeK
1062 2368 1083 2401 6
1109 2367 1201 2401 offic.
1220 2367 1287 2410 sui]
1304 2367 1414 2401 omK
1470 2377 1546 2410 per-

136 2420 319 2455 cutiebant
343 2419 423 2454 EK
468 2420 684 2455 ebdomades
709 2419 752 2455 S¹
806 2422 828 2454 8
852 2420 950 2464 tunc]
977 2422 1015 2459 -Ι-
1045 2430 1129 2463 ergo
1155 2420 1234 2454 ΕΚ
1289 2422 1309 2452 9
1336 2419 1474 2462 saluat.]
1503 2422 1543 2460 -ξ-

136 2473 273 2508 domini
303 2473 383 2508 ΕΚ
441 2473 486 2507 10
510 2473 585 2507 abs.
611 2474 704 2508 hanc
739 2474 895 2508 fid-am
929 2484 949 2507 a
981 2484 1039 2507 me
1062 2474 1141 2508 ΕΚ
1202 2474 1241 2506 11
1268 2473 1368 2515 uero]
1395 2475 1435 2513 -l-
1463 2483 1544 2506 cum

135 2526 290 2561 dicerem
322 2527 403 2562 ΕΚ
470 2527 515 2561 -23
553 2526 718 2561 ostiarius
751 2527 791 2561 E
861 2527 904 2560 ⁶26
942 2526 1090 2560 Schitim
1123 2527 1164 2561 Ε
1233 2527 1278 2560 98
1314 2526 1437 2560 nauim
1470 2525 1551 2560 ΕΚ

136 2580 180 2613 29
205 2578 339 2614 intraui
363 2600 408 2605 —-
434 2583 469 2613 et
494 2579 538 2614 K
580 2582 620 2613 ut
644 2579 740 2623 nau.]
765 2579 934 2623 nauigaui
959 2578 1151 2623 statimque
1175 2579 1255 2614 ΕΚ
1300 2580 1345 2612 30
1362 2578 1473 2622 parte]
1503 2580 1542 2619 -1-

135 2633 239 2667 nauis
263 2633 344 2668 ΕΚ
388 2633 432 2668 32
458 2633 494 2667 in
520 2644 578 2667 me
602 2633 683 2667 ΕΚ
