1834 2967
706 155 969 192 -25—

237 278 339 316 Inter
366 278 438 316 hec
459 280 559 316 enim
585 282 665 316 erat
685 277 912 316 Theodorus
933 276 1105 326 cogitans
1126 278 1214 326 quid
1235 278 1412 316 deberet*
1432 291 1543 328 agere

131 337 178 375 de
206 349 251 375 eo
281 337 382 385 quod
410 336 465 375 ei*
493 336 700 375 Abramius
729 341 962 386 preceperat.
1019 335 1203 374 Estuabat
1233 336 1336 375 enirn
1374 337 1474 376 infra
1501 350 1542 376 se

131 408 175 434 eo
205 396 307 445 quod
335 409 414 434 non
445 400 591 446 poterat
611 395 775 444 aliquem
804 395 978 433 iuuenire
998 408 1066 444 per
1085 407 1199 444 quem
1230 395 1417 445 dirigeret,
1448 396 1544 434 sicut

130 453 191 492 ille
219 454 377 493 dixerat.

238 514 337 561 Quid
365 514 511 552 multa?
569 512 666 551 Cum
696 525 774 550 non
803 513 975 559 haberet,
1008 513 1097 562 quid
1126 512 1265 550 faceret
1293 515 1367 551 uel
1397 526 1473 562 quo
1502 527 1543 552 se

131 578 308 619 uerteret,
350 585 560 611 conuersus
603 576 660 609 est
697 573 744 610 ad
786 571 1047 620 antiphonitin
1087 577 1123 610 et
1160 571 1393 610 saluatorem
1431 585 1544 610 suum

131 633 360 670 dominum
382 637 596 669 nostrum
615 631 794 668 Ihesum*
813 630 1009 669 Christum
1029 630 1067 668 in
1091 643 1166 679 quo
1180 631 1348 668 habebat
1368 631 1545 669 fiduciam

132 696 169 729 et
196 695 314 729 totam
345 703 453 740 spem
482 703 609 737 suam;
641 689 725 728 fecit
753 691 958 740 deniqne
999 690 1167 728 loculum
1205 689 1375 739 ligneum
1405 695 1441 728 et
1471 695 1545 728 stu-

132 749 236 788 diose
255 749 384 787 finiuit
403 750 502 787 illud
522 749 595 787 fide
615 748 736 798 magis
757 762 874 798 quam
894 748 976 799 pice
997 763 1061 787 seu
1088 749 1276 787 bitumine
1307 755 1350 786 et
1379 749 1547 799 reposuit

132 812 174 846 in
189 822 229 847 eo
243 807 346 846 auri*
360 807 477 846 libras
498 808 792 857 quinquaginta;
813 808 985 858 scripsit*
1006 814 1042 846 et
1063 808 1262 858 epistolam
1283 807 1544 846 continentem
1579 811 1626 848 10

131 867 198 906 ita:
229 867 272 905 In
302 867 460 905 nomine
480 867 548 905 Dei
577 873 613 905 et
639 867 889 906 dominatoris
911 867 1032 905 nostri
1051 868 1165 905 Ihesu
1186 866 1328 905 Christi
1356 869 1547 905 domini

132 926 207 964 mei
253 925 530 976 antiphonitin3
579 926 687 975 quasi
734 939 893 976 presens
936 927 1126 973 adessem,
1173 926 1224 964 ita
1266 927 1388 965 saluto
1431 927 1547 964 bene-

130 986 330 1024 factorem*
379 991 490 1036 atque
534 985 731 1023 dominum
768 998 896 1024 meum
933 986 1172 1024 Abramizcm.
1241 985 1345 1023 Scire
1382 990 1419 1024 te
1459 985 1546 1023 uolo

133 1044 223 1094 quia
260 1045 340 1083 Deo
381 1057 454 1083 nos
492 1044 648 1082 iuuante
689 1045 772 1083 sani
815 1050 852 1083 et
893 1045 989 1083 salui
1032 1058 1167 1084 sumus
1206 1058 1353 1083 omnes.
1421 1043 1547 1082 Direxi

133 1104 239 1142 enim
282 1103 349 1142 tibi
386 1117 455 1154 per
499 1103 755 1154 antiphonitin
799 1117 930 1142 meum
973 1104 1089 1142 libras
1137 1104 1217 1142 auri
1257 1103 1546 1153 quinquaginta.
1580 1107 1626 1143 10

133 1163 274 1213 Recipe
316 1176 392 1202 eas.
450 1162 554 1201 Vale.
611 1163 656 1201 Et
694 1163 862 1212 sigillans
903 1163 1103 1214 epistolam
1140 1163 1267 1212 posuit
1304 1163 1343 1201 in
1378 1163 1547 1201 loculum

134 1235 250 1273 supra
288 1235 426 1260 aurum
467 1227 503 1260 et
541 1223 722 1261 claudens
760 1224 860 1261 illud
898 1222 1098 1270 diligenter
1139 1222 1262 1260 liniuit
1305 1222 1378 1260 fide
1413 1224 1549 1271 pocius

135 1295 251 1331 quam
280 1281 374 1331 pice.
431 1281 477 1319 Et
515 1287 623 1319 stans
662 1294 777 1331 supra
819 1295 926 1320 mare
969 1281 1159 1332 aspiciens
1201 1281 1241 1319 in
1271 1282 1396 1320 celum
1436 1279 1547 1319 dixit:

135 1340 361 1379 Dominator
388 1354 510 1378 meus
529 1340 684 1379 domine
703 1341 816 1379 Ihesu
837 1341 1001 1387 Christe,
1031 1346 1070 1379 tu
1100 1354 1140 1379 es
1161 1354 1271 1379 meus
1291 1339 1547 1391 antiphonitin

134 1406 177 1438 et
206 1402 366 1438 domin
378 1413 447 1445 us;
478 1405 518 1438 tu
548 1400 664 1438 redde
692 1401 766 1438 hoc
795 1413 932 1438 aurum
972 1400 1205 1439 benefactori
1234 1413 1321 1438 meo
1350 1399 1547 1438 Abramio.
1579 1402 1630 1439 20

136 1460 209 1506 Tu,
240 1458 431 1505 domine,*
461 1459 533 1497 scis
554 1459 642 1508 quia
670 1459 785 1509 plena
813 1459 886 1497 fide
916 1465 952 1498 et
981 1460 1129 1509 absque
1159 1462 1286 1497 omni
1314 1459 1550 1497 dubitatione

136 1522 243 1557 mitto
270 1518 441 1557 loculum
470 1518 573 1557 istud
601 1518 639 1557 in
661 1531 781 1565 mare,
810 1532 922 1569 spem
950 1520 1130 1557 habendo
1160 1518 1199 1556 in
1229 1524 1265 1556 te
1286 1519 1349 1568 qui
1371 1532 1411 1556 es
1440 1530 1549 1556 meus

135 1578 336 1623 mediator,
367 1577 541 1616 Christus
571 1578 673 1616 Deus
702 1591 824 1616 meus.

242 1637 287 1675 Et
315 1637 387 1675 hec
416 1637 547 1675 dicens
576 1637 733 1688 proiecit
761 1638 930 1676 loculum
959 1637 996 1675 in
1019 1650 1129 1675 mare
1150 1642 1186 1675 et
1215 1649 1394 1674 reuersus
1423 1637 1550 1674 estad

136 1698 319 1745 ospicium
347 1709 468 1735 secum.
518 1696 677 1735 Vocauit
702 1702 831 1735 autem
854 1698 1027 1746 primum
1056 1709 1165 1734 secum
1194 1697 1416 1734 nauclerum
1445 1709 1550 1745 quem

135 1757 302 1805 habebat,
340 1755 467 1793 uirum
507 1755 726 1805 religiosum
769 1761 805 1794 et
847 1756 1051 1794 timentem
1081 1755 1204 1793 Deum
1243 1760 1280 1793 ct
1317 1754 1487 1792 narrauit
1522 1753 1554 1792 ei

136 1813 267 1852 omnia
296 1827 369 1863 que
398 1814 549 1852 fecerat.
605 1814 830 1853 Ammirans
859 1820 991 1853 autem
1029 1816 1101 1852 vir
1137 1813 1197 1851 ille
1227 1814 1341 1851 fidem
1380 1819 1416 1851 et
1446 1826 1554 1863 spem

137 1886 253 1922 quam
280 1873 449 1911 habebat
476 1873 517 1911 in
546 1873 710 1919 Christoy
750 1873 823 1923 egit
851 1873 994 1924 gratias
1023 1873 1103 1911 Deo
1141 1877 1178 1910 et
1206 1878 1287 1910 erat
1325 1877 1485 1922 stupens
1514 1872 1553 1909 in

137 1932 235 1970 facto
274 1933 374 1981 quod
410 1932 638 1971 Theodorus
677 1932 826 1973 fecerat.
884 1934 1003 1971 Nocte
1040 1938 1164 1970 autem
1202 1933 1429 1981 insecuta‚**
1466 1944 1554 1969 cum

139 1990 394 2029 obdormisset
435 1991 673 2038 Theodorus,
723 1991 816 2030 uidit
862 1990 1066 2030 uisionem.
1137 1991 1187 2028 Et
1228 2003 1418 2040 exurgens
1466 2003 1554 2028 cum
1584 1995 1635 2032 30

138 2055 304 2088 tremore
345 2055 381 2088 et
418 2050 557 2100 gaudio
600 2064 742 2100 magno
777 2050 983 2100 prostrauit
1026 2063 1068 2088 se
1109 2049 1149 2088 in
1192 2050 1413 2088 orationem.
1471 2049 1556 2096 Qua

141 2109 334 2158 completa
376 2109 530 2148 uocauit
571 2111 618 2147 ad
660 2122 701 2147 se
739 2109 1120 2160 protonauclerum
1167 2122 1282 2147 suum
1323 2114 1360 2148 et
1407 2109 1457 2147 ait
1503 2109 1555 2146 ad

139 2182 240 2206 eum:
263 2166 277 2216 Η
299 2167 382 2205 Vidi
410 2168 483 2206 hac
513 2174 624 2206 nocte
650 2168 838 2206 uisionem
869 2168 1076 2206 terribilem
1105 2174 1139 2206 et
1168 2168 1322 2218 plenam
1357 2167 1695 2209 miraculowlfflv

141 2227 371 2266 Certificauit
412 2227 514 2265 enim
552 2240 616 2265 me
645 2227 820 2266 Christus
854 2230 1090 2277 dominus,
1132 2240 1247 2277 quem
1282 2240 1366 2266 mee
1403 2227 1556 2265 miserie

141 2286 393 2325 mediatorem
414 2287 536 2336 posui,
558 2287 646 2336 quia
666 2287 830 2326 restituit
849 2301 972 2326 auru
984 2302 1020 2325 m
1036 2287 1138 2337 quod
1159 2287 1340 2326 mandaui
1356 2286 1553 2325 Abramio.
1584 2291 1635 2327 35

141 2346 228 2384 Vidi
257 2346 360 2384 enim
389 2359 452 2384 me
481 2358 565 2384 esse
593 2346 629 2383 in
653 2346 986 2396 Constantinopoli
1016 2346 1053 2385 in
1083 2347 1167 2385 loeo
1190 2347 1253 2384 ubi
1282 2353 1358 2385 stat
1386 2351 1556 2385 sancta

142 2419 278 2456 ymago
308 2406 455 2444 domini
485 2405 605 2444 nostri
635 2406 748 2444 Ihesu
778 2406 919 2445 Christi
959 2406 1022 2456 qui
1052 2412 1108 2445 est
1138 2420 1247 2445 meus
1285 2405 1556 2457 antiphonitin,

1599 516 1622 552 0!

1580 1699 1602 1736 Ν.)

1607 1700 1630 1736 0¹

251 2541 296 2576 ⁶24
334 2541 491 2575 loculum
535 2542 573 2575 ΞΥ
631 2541 676 2575 <26
715 2540 765 2575 et²
798 2542 851 2574 ΕΠ)
915 2542 959 2575 5-:5
992 2542 1145 2576 restituit
1182 2543 1220 2575 ⁹21
1278 2541 1322 2575 36
1355 2540 1557 2575 Constanti-

144 2596 300 2640 nopolim
329 2596 387 2629 M>-
