1834 2967
706 123 968 160 —53-

134 245 263 284 statim
291 245 489 284 reclinauit
518 258 559 284 se
588 251 624 284 et
659 245 813 295 quieuit.
871 246 949 296 Ego
988 251 1129 293 autem,
1166 247 1264 285 sicut
1291 247 1344 285 illi
1372 246 1542 297 promisi,

132 304 335 354 adimpleui
365 311 398 343 et
426 305 648 354 relinquens
677 305 808 343 omnia
835 305 1028 356 hucusque
1056 305 1206 344 adueni.

239 364 288 401 Vt
315 368 442 402 autem
471 364 546 402 hoc
565 377 586 402 a
615 363 754 402 iuuene
781 363 921 410 audiui,
943 362 957 414 ΙΙ
978 363 1139 414 perunxi
1161 377 1250 402 eum
1277 377 1322 402 ex
1350 378 1544 404 sacrarum
1559 371 1687 405 K136v

133 421 411 472 scripturarum
431 428 628 472 unguento
657 428 694 461 et
713 423 760 461 de
788 423 997 473 penitentia
1018 428 1131 472 atque
1153 421 1166 472 ΙΙ
1187 423 1426 462 abstinencia
1455 430 1632 464 con-873

132 481 278 520 fortans
298 481 472 520 animum
493 481 586 527 eius,
609 480 623 531 Η
643 481 790 519 totondi
819 494 908 519 eum
929 486 965 519 et
984 481 1148 520 induens
1179 494 1267 520 eum
1287 483 1545 521 monachilem
1559 489 1663 523 E154

130 540 308 579 habitum
337 540 474 579 reclusi
503 553 592 578 eum
622 539 659 577 in
692 541 877 590 spelunca
904 541 944 578 in
963 546 1095 578 monte
1124 539 1188 589 qui
1217 546 1274 579 est
1302 541 1399 578 inira
1419 541 1545 580 ciuita-

134 604 224 645 tem,
267 599 470 649 magnifice
510 598 725 648 glorificans
768 599 893 637 Deum
931 599 996 648 qui
1037 598 1197 638 mirifice
1244 598 1546 650 uniuscuiusque

132 664 312 708 operatur
349 659 523 696 salutem.
580 658 626 696 Et
654 658 774 696 factus
803 663 860 696 est
889 658 1068 709 deinceps
1098 658 1296 708 religiosus
1331 660 1546 698 monachus

133 723 169 756 et
197 717 399 768 proficiens
429 718 475 756 de
504 717 563 756 die
591 718 631 755 in
661 718 762 756 diem
791 718 1021 768 operabatur
1050 718 1214 756 salutem
1244 719 1372 757 anime
1401 731 1482 757 sue.

499 857 568 899 15.
603 856 676 898 De
707 856 918 910 quadam
947 855 1172 899 muliere.
1576 866 1623 903 10

131 946 246 1033 Fuit
276 946 441 995 quedam
460 946 597 984 mulier
618 945 827 984 christiana
845 946 996 984 habens
1016 945 1143 984 uirum
1173 959 1380 995 paganum.
1428 946 1546 985 Erant

229 1018 418 1055 pauperes
465 1010 502 1043 et
548 1017 627 1043 non
673 1005 871 1044 habebant
912 1005 985 1043 nisi
1029 1004 1306 1055 quinquaginta
1351 1005 1547 1044 miliarisia

134 1063 291 1103 maiora.

241 1124 326 1162 Vna
346 1136 438 1161 uero
459 1123 607 1162 dierum
627 1123 720 1162 dixit
740 1123 799 1161 uir
827 1123 937 1161 uxori
958 1136 1044 1162 sue:
1076 1123 1332 1162 Comedamus
1352 1122 1547 1161 miliarisia

134 1182 218 1229 ista⁷
247 1188 289 1221 ut
307 1183 521 1221 habeamus
535 1183 672 1221 exinde
692 1182 858 1232 aliquam
875 1182 1189 1229 consolationem,
1221 1182 1403 1232 quoniam
1423 1195 1547 1221 unum
1579 1183 1624 1220 15

134 1247 220 1292 post
261 1255 384 1280 unum
431 1247 509 1280 tota
550 1243 739 1280 habemus
782 1243 997 1292 expendere
1040 1247 1076 1280 et
1122 1241 1382 1292 supererimus
1430 1241 1546 1280 nichil

134 1302 335 1340 habentes.
391 1301 604 1351 Respondit
641 1301 798 1340 mulier:
841 1301 886 1339 Et
925 1301 957 1339 si
992 1300 1084 1339 tibi*
1118 1301 1239 1351 placet
1281 1306 1451 1350 prestare
1489 1313 1545 1347 ea,

133 1359 224 1398 ueni
253 1366 287 1398 et
327 1361 556 1399 commenda
593 1373 637 1398 ea
667 1361 746 1399 Deo
776 1360 1086 1399 christianorum.
1145 1359 1214 1398 Cui
1257 1359 1350 1398 dixit
1378 1362 1461 1398 uir:
1501 1359 1546 1398 Et

134 1419 200 1457 ubi
229 1424 286 1458 est
313 1419 438 1458 Deus*
467 1419 766 1458 christianorum
782 1425 823 1457 ut
851 1420 1170 1458 commendamus
1201 1432 1244 1457 ea
1271 1418 1348 1458 illi?
1389 1418 1493 1457 Dixit
1513 1418 1546 1457 ei

134 1478 288 1517 mulier:
318 1479 397 1529 Ego
418 1491 506 1517 eum
527 1478 594 1517 tibi
623 1479 857 1517 demonstro.
914 1478 960 1517 Et
980 1478 1012 1516 si
1031 1478 1083 1516 illi
1104 1477 1437 1524 conmendaueris,
1467 1490 1545 1516 non
1576 1478 1626 1515 ΞΟ

134 1539 258 1576 solum
276 1537 364 1587 quia
379 1551 458 1576 non
479 1539 614 1588 perdes
630 1551 685 1585 ea,
707 1551 843 1576 uerum
864 1543 900 1576 et
916 1550 1073 1576 usuram
1089 1537 1155 1575 tibi
1176 1537 1278 1576 dabit
1299 1542 1334 1575 et
1350 1536 1547 1587 capitanea

134 1597 341 1647 duplicabit
381 1597 505 1635 nobis.
563 1596 632 1635 Cui
671 1596 785 1635 dixit*
823 1596 899 1636 uir:
941 1597 1086 1635 Eamus
1124 1602 1161 1635 et
1198 1597 1421 1635 demonstra
1458 1609 1547 1634 eum

134 1655 250 1694 michi
280 1661 316 1695 et
345 1657 524 1706 prestabo
553 1655 618 1696 illi.
1423 1662 1426 1664 ’

239 1715 374 1754 Mulier
403 1721 532 1754 autem
562 1715 698 1754 tollens
728 1715 855 1754 uirum
884 1728 999 1753 suum
1027 1714 1134 1753 duxit
1162 1714 1200 1753 in
1231 1719 1404 1752 sanctam
1432 1713 1546 1752 eccle-

137 1774 234 1812 siam
263 1774 343 1813 Dei.
400 1775 526 1813 Habet
556 1775 657 1813 enim
697 1774 856 1813 ecclesia
883 1773 1015 1813 Nisibe
1050 1774 1225 1820 ciuitatis,
1263 1773 1302 1811 in
1332 1786 1407 1822 qua
1443 1778 1548 1823 gesta
1577 1772 1626 1810 25

134 1838 225 1872 sunt
264 1834 347 1880 hec⁷
391 1840 521 1884 portas
563 1834 743 1884 quinque.
801 1834 899 1872 Cum
942 1839 1068 1872 autem
1109 1833 1317 1871 intrassent
1357 1832 1546 1882 porticum

134 1892 290 1931 ecclesie
318 1893 384 1931 ubi
412 1898 503 1931 sunt
530 1899 651 1943 porte,
690 1893 856 1932 ostendit
883 1892 935 1931 illi
964 1905 1151 1942 pauperes
1180 1891 1244 1941 qui
1282 1892 1467 1930 sedebant
1495 1891 1545 1930 ibi

134 1951 282 1991 dicens:
324 1952 409 1990 Istis
450 1952 481 1990 si
522 1952 683 1999 dederis,
726 1952 829 1990 Deus
872 1951 1171 1990 christianorum
1200 1950 1332 2001 recipit
1369 1963 1425 1989 ea.
1481 1951 1545 1989 Hii

135 2023 270 2049 omnes
311 2011 410 2049 illius
446 2016 547 2049 sunt.
603 2011 667 2049 Ille
704 2023 795 2049 uero
834 2023 922 2049 cum
961 2010 1098 2060 gaudio
1136 2009 1327 2048 distribuit
1355 2009 1426 2048 illis
1463 2009 1545 2060 ipsa

133 2070 328 2108 miliarisia
348 2073 635 2121 quinquaqinta.
678 2070 724 2109 Et
744 2070 995 2108 reuersisunt
1025 2069 1139 2108 ambo
1168 2068 1208 2107 in
1237 2070 1396 2107 domum
1422 2082 1544 2107 suam.
1573 2067 1626 2104 30

240 2129 332 2167 Post
374 2142 528 2167 menses
549 2128 563 2179 ΙΙ
583 2134 712 2168 autem
755 2134 832 2167 tres
874 2133 1057 2178 ceperunt
1099 2133 1253 2178 egentes
1300 2141 1422 2178 egerey
1466 2141 1545 2166 non
1563 2130 1666 2164 1113?

134 2188 321 2226 habentes
350 2188 490 2237 aliquid
519 2189 622 2238 quod
651 2189 922 2238 expenderent.
978 2187 1079 2226 Dixit
1117 2187 1175 2226 uir
1210 2187 1320 2226 uxori
1349 2200 1434 2226 sue:
1474 2188 1545 2226 Do-

133 2247 240 2285 mina
268 2260 364 2293 mea⁷
396 2261 475 2285 non
503 2247 605 2286 dabit
634 2247 746 2286 nobis
775 2247 877 2285 Deus
907 2246 1203 2285 christianorum
1239 2246 1380 2296 aliquid
1409 2259 1456 2285 ex
1484 2247 1544 2285 his

240 2353 262 2386 3
286 2362 373 2385 uero
399 2351 465 2385 hec
490 2352 567 2385 ΕΚ
612 2352 634 2385 5
659 2351 880 2386 nionchilem
911 2351 955 2385 T¹
1011 2353 1031 2385 9
1057 2351 1241 2396 profitiens
1266 2354 1305 2387 K
1361 2353 1400 2387 11
1430 2352 1544 2395 erant]

137 2408 176 2446 -l-
205 2408 325 2440 autem
351 2405 429 2439 ΕΚ
501 2405 544 2438 14
574 2404 682 2447 igitur
711 2405 787 2439 ΕΚ
861 2404 904 2438 18
937 2405 998 2448 qui
1033 2405 1121 2439 dixit
1145 2405 1221 2439 ΕΚ
1296 2406 1338 2439 19
1371 2408 1405 2440 et
1437 2409 1476 2439 ut
1506 2406 1547 2439 K

134 2458 218 2492 dicit
254 2459 334 2493 EK
409 2458 450 2491 21
491 2468 563 2491 non
601 2469 653 2491 om
694 2459 721 2492 S
795 2457 841 2492 24
866 2458 916 2501 in]
951 2458 996 2492 ad
1034 2459 1071 2491 K
1149 2459 1193 2492 25
1231 2458 1314 2502 qua]
1347 2461 1387 2499 -l-
1415 2458 1481 2492 hec
1506 2459 1546 2491 K

134 2512 180 2545 28
204 2511 266 2555 hii]
295 2513 333 2549 -l-
362 2511 458 2545 enim
483 2511 560 2545 ΕΚ
607 2510 652 2544 3⁶2
677 2515 823 2555 possent
848 2511 1047 2555 expendere
1063 2512 1141 2546 EK
1188 2511 1287 2555 dixit]
1307 2515 1345 2552 ÷
1367 2521 1450 2554 ergo
1468 2512 1543 2546 ΕΚ

134 2566 179 2599 33
204 2564 283 2598 Non
308 2564 430 2599 debuit
450 2564 554 2598 nobis
580 2564 674 2606 (nob.
693 2564 771 2599 deb.
790 2565 839 2605 Κ)
858 2565 953 2599 dom.
973 2576 1054 2599 mea
1072 2565 1111 2599 D.
1131 2565 1204 2599 chr.
1224 2565 1307 2599 dare
1325 2565 1459 2608 aliquid
1485 2565 1539 2598 (al.

135 2618 218 2652 dare
243 2619 299 2659 K)
348 2617 417 2661 his]
441 2617 491 2652 eis
517 2618 555 2652 Ε
