1834 2967
180 472 203 508 Οἵ

158 766 206 803 10

157 1061 205 1099 15

796 108 1078 145 -132-

233 223 374 271 demon
404 245 491 270 cum
520 232 649 270 furore
677 244 819 281 magna
851 244 947 269 uoce
985 230 1095 268 dixit:
1138 230 1224 268 Heu
1253 243 1327 275 me,
1368 229 1516 280 Georgi,
1557 229 1646 278 quia

234 291 387 330 obuiaui
415 290 500 329 tibi!

340 350 505 388 Sanctus
525 349 710 399 Georgius
735 349 827 387 dixit
856 347 909 386 ei:
940 347 1085 386 Adiuro
1112 352 1161 394 te,
1191 347 1467 397 malignissime
1492 348 1647 394 demon,

234 422 299 459 per
328 409 582 458 sempiternos
612 414 698 446 tuos
727 408 928 455 cruciatus,
964 406 1023 445 dic
1051 406 1181 454 miehi,
1216 406 1300 455 quis
1336 420 1377 444 es
1412 412 1452 444 tu
1481 412 1517 444 et
1546 408 1647 455 quod

233 468 375 518 cogitas
404 469 525 506 facere
553 466 697 506 michi?
740 468 889 505 Demon
925 465 1038 504 dixit:
1079 466 1157 516 Ego
1194 479 1280 504 sum
1316 466 1462 515 primus
1492 465 1647 507 Samail,

234 527 298 576 qui
339 526 458 565 habui
498 526 778 576 quadraguinta
819 525 923 563 milia
966 525 1202 574 angelorum.
1270 525 1315 562 Et
1354 526 1507 574 quando
1545 525 1647 562 Deus

232 585 433 624 hominem
461 586 557 633 fecit,
601 590 636 623 et
665 598 734 634 ego
764 585 814 622 ibi
844 597 969 631 eram3
1011 589 1047 622 et
1076 584 1229 633 quando
1265 590 1405 621 terram
1444 583 1648 629 benedixit,

234 658 303 695 ego
337 644 429 683 uidi.
485 644 597 683 Nunc
633 657 726 682 uero
761 649 914 694 propter
942 656 1070 681 meam
1101 643 1319 693 superbiam
1358 642 1518 692 pedibus
1553 642 1648 681 meis

233 718 300 755 per
337 709 480 742 terram
518 704 685 742 ambulo.
749 703 834 740 Heu
874 716 948 749 me,
988 701 1138 751 Georgi,
1184 703 1338 751 quando
1381 701 1545 751 cogitaui
1582 701 1649 739 tibi

235 763 391 803 obuiam
419 763 565 809 uenire,
601 768 643 800 ut
677 775 739 800 me
768 763 960 808 adorares,
997 761 1085 811 quia
1120 774 1188 811 ego
1223 762 1364 800 multos
1403 762 1449 799 de
1478 761 1541 799 uia
1568 761 1648 799 tuli.

233 823 278 861 Et
308 835 394 861 ecce
429 821 560 860 onmia
589 821 655 859 tibi
685 821 774 859 dixi.
837 821 1053 859 Recordare
1082 820 1205 870 igitur,
1245 820 1395 870 Georgi,
1440 820 1479 858 in
1517 819 1649 870 primis

233 895 361 920 meam
389 881 677 928 beatitudinem,
708 881 921 919 secundum
950 894 1077 918 meam
1106 880 1371 930 perditionem.
1414 880 1459 918 Et
1487 893 1565 917 non
1597 880 1651 917 di-

232 941 363 980 mittas
391 954 453 978 me
482 941 535 978 ire
564 939 602 978 in
633 939 818 978 abissum.

339 1000 450 1038 Tunc
470 1005 627 1038 sanctus
649 999 834 1049 Georgius
855 998 978 1037 orauit
1007 999 1054 1036 ad
1075 998 1285 1036 Dominum
1305 997 1456 1036 dicens:
1487 998 1651 1036 Domine

235 1060 337 1098 Deus
367 1072 489 1105 meus,
519 1058 626 1096 mitte
654 1059 760 1096 hunc
788 1058 1109 1108 malignissimum
1138 1058 1344 1095 demonem
1373 1056 1413 1095 in
1442 1056 1650 1097 infernum,

234 1119 322 1168 quia
359 1131 438 1156 non
476 1117 564 1156 facit
604 1118 842 1155 uoluntatem
886 1122 992 1155 tuam
1033 1122 1068 1155 et
1110 1129 1189 1155 non
1232 1116 1395 1155 custodit
1430 1122 1651 1166 preceptum

233 1183 356 1225 tuum,
387 1178 453 1216 sed
480 1176 521 1215 in
550 1176 688 1215 duritia
717 1189 786 1214 sua
813 1181 1044 1226 perseuerat.
1102 1176 1189 1214 Ideo
1228 1174 1334 1213 mitte
1364 1188 1452 1213 eum
1483 1175 1520 1213 in
1549 1180 1651 1213 tene-

233 1238 324 1276 bras
354 1235 574 1283 exteriores,
604 1235 670 1274 ubi
698 1235 901 1282 crucietur,
932 1240 968 1273 et
987 1235 1199 1282 hominem,
1230 1247 1345 1284 quem
1374 1240 1414 1272 tu
1443 1234 1650 1284 plasmasti,

234 1297 280 1334 de
309 1301 434 1334 cetero
464 1308 543 1334 non
573 1295 696 1333 ualeat
727 1300 923 1344 temptare.

341 1355 387 1393 Et
422 1360 501 1393 erat
542 1354 595 1392 ibi
637 1359 743 1403 petra
780 1367 932 1403 magna.
998 1353 1044 1391 Et
1078 1352 1244 1402 signauit
1278 1365 1363 1391 eam
1399 1352 1582 1402 Georgius
1617 1360 1652 1391 et

235 1414 345 1453 dixit:
392 1414 436 1452 In
474 1413 632 1452 nomine
672 1412 825 1451 Domini
853 1412 981 1451 Nostri
1019 1412 1133 1450 Ihesu
1162 1412 1313 1460 Christi,
1352 1412 1456 1462 aperi
1492 1418 1539 1451 te.
1609 1412 1655 1450 Et

234 1474 418 1512 continuo
453 1478 584 1523 aperta
618 1478 674 1511 est
710 1477 817 1522 petra
855 1477 891 1510 et
920 1471 1036 1510 exiuit
1074 1471 1163 1510 inde
1191 1471 1303 1521 ignis.
1359 1471 1404 1509 Et
1438 1472 1559 1510 tenuit
1593 1472 1652 1510 de-

234 1546 393 1572 monem
422 1537 457 1571 et
487 1532 594 1571 eiecit
623 1545 712 1571 eum
742 1531 780 1569 in
810 1531 994 1569 abissum.
1048 1531 1094 1569 Et
1124 1532 1262 1569 iterum
1291 1531 1420 1569 clausa
1449 1536 1506 1569 est
1535 1536 1653 1581 petra,

236 1592 331 1631 sicut
360 1591 430 1630 fuit
460 1592 595 1642 primo.
653 1591 698 1629 Et
727 1597 784 1629 est
812 1591 863 1629 ibi
893 1590 1084 1629 cruciatus
1115 1590 1198 1628 sine
1229 1592 1316 1629 tine.

342 1651 424 1689 Hec
443 1650 631 1690 mirabilia
651 1664 794 1700 magna
822 1655 858 1689 et
888 1649 1168 1700 supergloriosa
1193 1649 1377 1687 miracula
1406 1649 1490 1687 fecit
1519 1649 1653 1687 beatus

237 1711 420 1761 Georgius
442 1711 480 1748 in
502 1710 752 1760 Cappadocia,
782 1714 997 1760 praestante
1016 1708 1181 1747 Domino
1202 1714 1333 1747 nostro
1354 1709 1468 1747 Ihesu
1488 1707 1653 1755 Christo,

235 1770 297 1809 cui
326 1776 383 1808 est
410 1771 536 1809 honor
567 1775 603 1808 et
631 1769 750 1819 gloria
779 1769 817 1807 in
848 1769 974 1807 secula
1004 1768 1233 1807 seculorum.
1291 1768 1428 1806 Amen.
