1834 2967
819 97 1109 134 -104—

261 219 354 259 dixit
376 219 427 259 ei:
458 218 622 258 Domine
645 219 825 268 Symeon,
856 218 969 256 uideo
995 223 1030 256 te
1060 217 1331 267 cogitationem
1348 217 1504 264 habere,
1525 218 1591 256 sed
1611 217 1670 256 dic

137 287 243 321 Ε176
261 279 381 318 michi
409 278 501 328 quid
528 279 661 324 habes,
701 283 738 316 et
767 278 982 316 secundum
1009 289 1139 315 meam
1166 275 1379 326 potentiam
1406 275 1594 315 certifi÷1c0
1622 281 1670 315 te.

121 346 247 380 K158v
366 338 430 376 Ille
457 351 550 376 uero
571 336 586 387 Η
606 337 731 388 primo
760 336 1011 375 erubescebat
1038 335 1284 374 manifestare
1303 334 1368 382 illi,
1399 348 1448 373 ne
1475 335 1571 373 forte
1591 348 1671 373 non

261 396 315 435 illi
355 397 531 447 placeret.
602 397 742 434 Postea
779 400 910 433 autem
946 393 1208 433 manifestauit
1246 393 1280 432 ei
1318 399 1351 432 et
1391 394 1550 444 rogabat
1587 407 1672 432 eam

209 459 233 496 5
263 462 453 505 quatenus
473 455 732 505 acquiesceret
751 460 794 493 ut
822 454 1010 504 acciperet
1031 453 1105 492 sibi
1134 466 1310 492 uxorem.
1349 452 1414 492 Ait
1433 452 1487 491 illi
1514 452 1670 492 mulier:

263 515 304 554 Si
332 514 466 554 feceris
495 515 598 564 quod
626 513 695 552 tibi
724 513 867 558 dixero,
898 512 1152 562 acquiescam.
1208 511 1423 562 Respondit
1451 514 1530 551 illi:
1561 511 1672 560 Quic-

168 582 244 616 387
265 573 356 624 quid
371 572 597 625 preceperis,
619 571 634 624 ΙΙ
653 572 802 612 faciam.
845 572 910 610 Ait
930 572 981 611 ei:
1011 572 1210 611 Descende
1229 571 1269 610 in
1300 571 1536 621 ergastulum
1561 576 1673 609 tuum

262 639 299 672 et
325 633 467 680 ieiuna,
506 633 560 672 ita
601 638 644 671 ut
687 631 740 671 nit
779 637 909 681 gustes
950 633 1170 681 usquedum
1197 644 1336 670 uocem
1372 636 1421 670 te.
1478 630 1554 678 Qui
1582 643 1673 669 0011-

262 692 394 731 sensit.
437 692 524 730 Non
544 690 650 730 enim
670 690 868 729 constituit
896 689 950 728 illi
979 695 1130 741 tempus
1159 691 1314 740 quando
1344 689 1475 728 illum÷
1503 694 1672 736 uocaret,

186 754 234 791 10
261 751 342 802 ipse
371 756 500 789 autem
529 750 714 789 estimans
744 749 932 799 quoniam
970 749 1030 788 die
1059 751 1195 788 eadem
1223 754 1324 788 esset
1352 762 1443 788 eum
1476 753 1671 787 uocatura.

368 809 544 849 Preteriit
572 822 666 847 uero
703 808 784 847 dies
813 822 892 847 una
922 813 958 847 et
986 808 1060 847 alia
1097 814 1132 847 et
1161 808 1289 855 tercia,
1332 814 1368 846 et
1410 821 1489 846 non
1518 807 1675 846 uocauit

263 883 364 908 eum.
422 867 646 919 Expectauit
666 872 797 906 autem
824 867 886 906 ille
907 873 973 906 (tect
995 881 1060 918 pre
1080 867 1201 906 nimio
1221 880 1352 906 amore
1373 880 1489 916 quem
1508 867 1673 905 habebat

262 928 302 967 in
333 942 376 967 ea
405 933 470 967 aut
499 941 565 978 per
595 926 750 965 Domini
778 926 1063 977 prouidentiam
1091 925 1157 976 qui
1187 926 1331 965 sciebat
1358 926 1427 964 ubi
1455 939 1545 964 eum
1574 931 1675 965 esset

263 988 415 1026 futurus
443 1000 594 1026 uocare.
652 987 791 1024 Factus
821 991 878 1024 est
906 990 1036 1024 autem
1064 990 1150 1035 post
1178 985 1249 1024 hec
1276 998 1348 1024 uas
1376 983 1583 1024 electionis.

188 1048 234 1086 15
369 1046 515 1093 Quarta
543 1050 674 1084 autem
693 1044 753 1083 die
781 1044 886 1083 misit
915 1046 962 1083 ad
983 1057 1093 1091 eum3
1121 1044 1204 1094 ipse
1232 1057 1326 1083 uero
1355 1057 1422 1094 pre
1449 1043 1594 1083 ieiunio
1621 1043 1674 1083 ita

263 1106 462 1152 defecerat,
504 1110 547 1143 ut
587 1104 653 1142 uix
693 1104 919 1142 subsisteret
955 1103 995 1141 in
1035 1117 1079 1142 eo
1118 1103 1287 1154 spiritus.
1344 1103 1391 1141 Et
1431 1117 1510 1142 non
1539 1103 1674 1142 ualens

255 1166 418 1215 pedibus
437 1166 518 1202 suis
537 1164 736 1202 ambulare
756 1176 823 1214 pre
843 1162 964 1201 nimia
984 1162 1208 1209 defectione,
1239 1163 1460 1213 deportatus
1481 1176 1503 1201 a
1522 1162 1674 1201 famulis

263 1224 494 1274 quandoque
535 1222 718 1261 ascendit.
774 1223 842 1261 Illa
881 1228 1012 1261 autem
1053 1221 1131 1260 iam
1167 1223 1461 1273 preparauerat*
1498 1234 1676 1260 mensam

262 1283 447 1333 repletam
477 1281 658 1320 omnibus
687 1281 801 1320 bonis
839 1287 875 1320 et
903 1282 1071 1319 habebat
1099 1281 1243 1320 lectum
1280 1281 1378 1319 bene
1416 1286 1675 1331 preparatum.

183 1343 234 1381 ΞΟ
261 1342 307 1380 Et
337 1341 388 1380 ait
416 1340 486 1379 illi:
519 1341 616 1379 Ecce
644 1354 782 1379 mensa
810 1345 847 1379 et
876 1353 962 1379 0000
989 1341 1132 1387 lectus3
1161 1339 1230 1378 ubi
1258 1339 1328 1378 tibi
1356 1340 1490 1390 placet,
1529 1353 1675 1378 eamus

261 1401 311 1440 At
339 1403 418 1451 ipse
446 1400 498 1439 ait
526 1399 601 1439 illi:
640 1399 822 1438 Miserere
850 1399 927 1438 mei
956 1405 992 1438 et
1022 1401 1071 1438 da
1098 1399 1218 1438 michi
1253 1399 1396 1449 aliquid
1432 1404 1475 1438 ut
1513 1404 1676 1449 gustem,

262 1459 448 1509 quoniam
476 1459 616 1499 defitio.
672 1459 760 1498 Non
790 1459 895 1498 enim
924 1472 1104 1509 agnosco,
1136 1459 1199 1497 uel
1228 1458 1260 1497 si
1295 1472 1335 1497 es
1365 1458 1493 1508 aliqua
1522 1457 1677 1505 femina,

262 1518 424 1558 animia
444 1518 656 1557 defectione
677 1531 751 1568 que
780 1523 925 1557 coartat
953 1532 1026 1557 me.
1070 1519 1181 1557 Tunc
1203 1518 1255 1557 ait
1274 1519 1322 1556 ad
1351 1531 1442 1556 eum
1470 1517 1550 1556 illa:
1582 1517 1678 1556 Ecce

262 1579 419 1628 quando
449 1577 616 1623 esuristi,
647 1583 683 1616 et
711 1591 774 1616 me
803 1583 838 1616 et
869 1591 1004 1617 omnes
1033 1577 1196 1616 feminas
1233 1591 1273 1616 es
1302 1577 1444 1616 oblitus
1480 1584 1515 1616 et
1545 1590 1677 1627 prepo-

182 1640 232 1677 25
262 1637 372 1676 suisti
401 1638 637 1676 manducare
675 1651 790 1687 super
829 1650 987 1676 omnem
1023 1636 1326 1675 delectationem.
1383 1637 1479 1675 Ecce
1522 1637 1676 1686 quando

260 1696 443 1736 habueris
472 1696 695 1735 huiusmodi
716 1695 999 1746 cogitationem,
1029 1697 1101 1734 hac
1121 1695 1313 1735 medicina
1332 1701 1453 1742 utere,
1483 1701 1519 1734 et
1540 1708 1676 1734 omnes

260 1769 379 1807 praue
408 1755 656 1806 cogitationes
678 1761 714 1794 te
743 1755 947 1794 dimittent.
991 1755 1112 1794 Crede
1133 1768 1238 1794 nunc
1266 1755 1395 1804 itaque
1423 1754 1554 1800 michi,
1586 1767 1676 1804 quo·

261 1815 367 1854 niam
395 1828 521 1865 neque
550 1820 680 1854 tecum
708 1828 834 1865 neque
863 1828 952 1853 cum
988 1814 1060 1853 alio
1090 1813 1174 1853 uiro
1207 1813 1453 1862 conueniam,
1492 1814 1557 1852 sed
1587 1826 1678 1852 cum

261 1874 450 1913 adiutorio
480 1873 623 1913 Christi
652 1874 706 1913 510
734 1875 970 1925 permanebo
998 1873 1039 1912 in
1069 1872 1254 1912 uiduitate
1283 1878 1320 1912 et
1348 1873 1532 1912 castitate.

181 1935 233 1973 30
367 1934 479 1972 Tunc
499 1939 741 1984 conpunctus
762 1933 823 1972 ille
852 1939 889 1972 et
909 1933 1106 1972 admirans
1125 1933 1372 1983 prudentiam
1400 1932 1483 1971 eius
1512 1938 1548 1971 et
1568 1931 1676 1971 easti—

261 1998 390 2040 tatem,
426 1992 479 2031 ait
507 1992 578 2031 illi:
617 1992 813 2040 Quoniam
843 1992 999 2043 quidem
1030 1992 1170 2043 placuit
1199 1992 1279 2031 Deo
1317 1991 1474 2030 uisitare
1511 2004 1574 2030 me
1609 2004 1677 2042 per

119 2058 245 2093 E176v
266 2057 374 2091 tuam
403 2051 621 2099 scienciam,
643 2050 657 2103 ΙΙ
679 2053 781 2102 quod
809 2051 927 2090 michi
957 2051 1163 2090 consilium
1200 2052 1268 2090 das
1303 2057 1346 2090 ut
1375 2050 1535 2090 faciam?
1590 2051 1677 2101 Ipsa

140 2117 245 2152 K159
263 2124 357 2150 uero
386 2125 461 2149 non
491 2111 689 2150 confidens
719 2110 758 2149 in
788 2110 990 2150 iuuentute
1011 2116 1047 2149 et
1067 2110 1378 2161 pulchritudine
1406 2123 1477 2148 sua
1505 2109 1619 2148 simul
1640 2115 1676 2148 et

267 2169 407 2209 timens
438 2184 485 2209 ne
514 2171 609 2209 forte
649 2170 723 2209 alio
759 2176 929 2221 tempore
964 2175 1156 2220 pateretur
1192 2169 1335 2220 aliquid
1371 2169 1596 2208 huiusmodi
1628 2191 1672 2195 —

366 2330 387 2364 3
413 2329 529 2364 erubit
556 2331 583 2363 S
633 2341 678 2365 ne
704 2330 796 2364 forte
821 2351 865 2355 —
893 2330 1046 2374 placeret
1072 2329 1121 2364 illi
1149 2329 1225 2363 K²³
1289 2330 1311 2363 5
1337 2329 1403 2363 sibi
1431 2327 1497 2363 K2‘
1527 2332 1565 2370 -t—
1595 2340 1673 2363 eam

259 2383 294 2416 in
334 2383 409 2417 ΕΚ
470 2383 529 2417 ille
567 2385 620 2417 Ει
697 2384 719 2417 8
757 2387 796 2417 ut
834 2382 889 2417 8²⁸
963 2385 984 2417 9
1022 2383 1136 2426 illum]
1175 2394 1258 2417 eum
1291 2383 1365 2416 ΕΚ
1431 2383 1474 2416 10
1517 2382 1601 2426 quia
1638 2383 1678 2416 K

263 2437 304 2470 12
330 2437 541 2480 expectabat
566 2438 607 2470 K
674 2438 714 2470 13
741 2437 796 2471 dei
823 2438 893 2471 ΕΚ
964 2437 1005 2471 14
1030 2437 1163 2470 factum
1190 2436 1243 2470 K'
1310 2440 1362 2470 est
1388 2436 1426 2470 S⁸
1491 2447 1577 2470 uero
1604 2436 1679 2469 ΕΚ

262 2491 303 2523 16
330 2490 425 2533 spir.]
461 2490 566 2524 alitus
592 2491 666 2523 ΕΚ
734 2492 774 2524 19
810 2490 961 2534 ρ1ορ01.]
996 2493 1034 2530 -1-
1070 2490 1225 2524 habehat
1252 2491 1322 2524 ΕΚ
1388 2489 1427 2523 21
1458 2489 1505 2532 at]
1543 2493 1577 2523 et
1602 2489 1677 2523 ΕΚ

259 2543 303 2576 22
330 2544 463 2577 femina
489 2554 527 2577 05
552 2544 640 2583 ΕΚ;
668 2543 800 2577 femina
821 2544 874 2577 5²⁸
924 2544 968 2578 23
995 2543 1092 2587 tunc]
1117 2554 1186 2587 que
1213 2564 1256 2569 —
1283 2554 1364 2577 eum
1384 2543 1459 2576 ΕΚ
1506 2543 1551 2576 25
1578 2553 1674 2576 man·

260 2596 343 2630 dare
369 2596 421 2629 Κ1
472 2596 699 2631 dilectionem
727 2598 761 2630 Ε
809 2597 851 2630 27
880 2597 1057 2631 dimittent
1084 2600 1117 2631 te
1148 2597 1181 2630 K
1230 2597 1274 2631 :³3
1302 2597 1336 2630 in
1363 2596 1557 2639 pulcrit.11’
