1834 2967
737 120 994 157 —39-

163 255 277 292 super
305 242 498 281 notarium
535 243 609 281 leto
648 248 684 281 et
720 241 833 281 hilari
867 243 977 280 uultu
1012 247 1048 280 et
1086 242 1193 291 quasi
1231 242 1491 281 subridentem
1522 243 1573 280 ad

162 315 256 339 eum.
313 301 552 352 Audiuitque
581 313 705 340 uocem
733 315 780 340 ea:
807 303 936 339 eadem
959 303 1222 350 procedentem
1242 306 1354 350 atque
1383 301 1572 340 dicentem

162 360 250 398 sibi:
282 359 367 398 Tibi
387 360 402 410 ΙΙ
424 360 588 410 quidem,
619 373 641 398 o
670 359 812 410 patrici,
842 359 1096 409 multipliciter
1134 360 1328 398 mercedes
1363 365 1426 398 tue
1454 364 1713 398 reme-Klaav

161 418 368 465 tiebuntur‚
408 419 590 468 quoniam
619 432 665 457 ex
693 418 754 457 his
789 431 864 468 que
901 419 950 456 do
980 418 1058 464 tibi,
1097 418 1290 456 distribuis
1327 419 1570 469 pauperibus,

161 478 286 515 nudos
316 477 453 523 induis,
496 477 707 516 esurientes
737 477 866 523 satias,
909 477 1082 515 infirmos
1112 477 1255 521 uisitas,
1299 478 1494 527 orphanos
1535 482 1570 515 et
1626 478 1648 513 5

160 535 297 575 uiduas
317 542 522 582 sustentas,
551 535 794 574 incarceratis
816 541 852 574 et
872 535 998 574 debita
1017 549 1094 574 non
1112 535 1346 574 habentibus
1375 536 1569 576 subueniS.

160 595 328 634 ecclesiis
355 595 451 634 meis
472 595 706 633 oblationem
727 595 851 634 offers.
893 595 1101 646 Propterea
1130 595 1343 633 secundum
1372 608 1487 644 opera
1510 602 1570 633 tua

159 654 393 704 ampliantur
421 654 487 692 tibi
516 654 797 692 retributiones.
854 653 954 692 Huic
982 659 1111 692 autem
1140 653 1223 692 uiro
1253 653 1399 692 debitor
1429 666 1515 691 sum
1536 659 1570 691 et

160 712 300 763 gratias
328 713 461 751 refero.
518 713 593 751 Pro
623 717 727 762 quo?
766 713 843 751 Pro
871 725 916 751 eo
936 713 1038 762 quod
1066 713 1105 750 in
1135 717 1305 762 ternpore
1333 712 1507 762 angustie
1537 717 1572 750 et

159 772 290 821 magni
318 771 464 810 timoris
484 785 563 810 non
585 772 740 822 negauit
759 785 833 819 me,
865 772 932 810 sed
961 772 1159 811 consessus
1189 777 1244 810 est
1274 784 1336 809 me
1364 771 1484 809 filium
1504 771 1571 809 Dei
1604 772 1651 808 10

159 835 196 869 et
224 831 346 869 Deum
375 844 421 869 ex
450 831 598 881 uirgine
627 836 774 870 natum.
831 832 1038 882 Propterea
1067 836 1103 869 et
1137 844 1206 881 ego
1245 831 1428 869 confiteor
1464 830 1571 868 illum

158 902 289 928 coram
318 894 424 940 patre
452 903 552 936 meoy
582 889 647 939 qui
667 896 723 928 est
752 890 791 928 in
821 890 922 937 celis,
953 896 989 929 et
1009 890 1164 940 dignam
1194 890 1226 928 ei
1246 890 1463 928 mercedem
1484 902 1570 927 con-

158 948 332 987 fessionis
361 962 430 987 sue
457 949 637 988 tribuam.

263 1007 446 1054 Audistis,
476 1007 722 1054 dilectissimi,
758 1007 917 1047 audistis
945 1007 1219 1055 narrationem,
1255 1007 1460 1046 terribilem
1490 1020 1571 1045 rem

160 1066 266 1104 omni
307 1066 420 1105 laude
461 1066 616 1117 dignam
655 1072 691 1105 et
728 1067 834 1106 omni
871 1067 1012 1107 auxilio
1057 1067 1331 1117 iuuamineque
1374 1066 1571 1116 repletam,
1606 1067 1650 1103 15

160 1125 342 1174 quoniam
372 1126 474 1164 Deus
510 1131 547 1165 et
575 1126 792 1165 dominator
827 1126 1002 1165 omnium
1039 1126 1188 1165 homini
1217 1139 1330 1165 seruo
1358 1139 1428 1164 suo
1465 1125 1570 1163 dicit:

159 1184 247 1234 quia
288 1185 436 1223 debitor
477 1185 543 1224 tibi
569 1184 584 1235 ΙΙ
611 1199 710 1233 sum,
752 1185 892 1236 gratias
935 1185 1000 1224 tibi
1044 1199 1127 1235 ago,
1173 1185 1464 1224 retributionem
1505 1183 1699 1222 tibiTsev

156 1244 327 1282 reddam.

262 1302 346 1342 Hoc
366 1302 654 1342 considerantes
675 1308 711 1341 et
740 1303 993 1353 intelligentes
1014 1304 1164 1353 utrique
1184 1302 1255 1341 uiri
1276 1303 1356 1341 Deo
1375 1302 1570 1349 amabiles,

158 1362 292 1401 timore
320 1368 356 1401 et
384 1361 522 1412 gaudio
552 1367 643 1401 sunt
670 1362 822 1412 repleti:
851 1362 989 1401 timore
1019 1362 1172 1412 quidem
1192 1362 1230 1400 in
1260 1361 1320 1400 his
1341 1375 1414 1411 que
1434 1360 1449 1411 ΙΙ
1471 1361 1570 1400 uide·
1597 1366 1679 1400 1333

157 1427 262 1468 rant;
291 1421 429 1471 gaudio
457 1422 496 1459 in
526 1421 587 1459 his
617 1434 689 1470 que
718 1421 929 1468 audierant,
959 1420 1143 1471 quoniam
1171 1434 1354 1471 magnam
1393 1420 1569 1459 fiduciam

157 1486 385 1529 acceperunt
413 1494 435 1519 a
463 1480 595 1519 diuina
622 1493 717 1518 uoce
746 1493 815 1530 pro
844 1480 1011 1530 reposita
1047 1480 1119 1518 illis
1158 1480 1197 1518 in
1228 1480 1307 1518 celo
1336 1480 1438 1518 bona
1466 1479 1569 1517 retri-

155 1539 324 1578 butione.
381 1540 426 1578 Et
455 1539 695 1590 procidentes
715 1539 829 1578 simul
858 1539 897 1578 in
926 1539 1193 1590 pauimentum
1222 1552 1308 1577 cum
1339 1538 1570 1577 exultatione

157 1598 293 1646 cordis,
322 1598 569 1637 reddiderunt
597 1599 748 1637 laudem
780 1604 815 1637 et
844 1599 985 1648 gratias
1014 1598 1308 1637 clementissimo
1328 1598 1420 1643 Deoy
1450 1597 1569 1635 multa

156 1670 202 1696 ex
231 1658 371 1696 sanctis
400 1657 598 1708 scripturis
625 1659 796 1708 legentes
826 1658 944 1696 uerba
972 1657 1011 1695 in
1041 1656 1249 1707 gratiarum
1277 1657 1480 1695 actionem.
1524 1656 1570 1694 Et
1599 1657 1647 1694 ‘25

157 1716 209 1755 sic
237 1717 326 1755 inde
355 1723 538 1756 exeuntes
567 1717 745 1756 abierunt
773 1717 812 1755 in
841 1718 1000 1756 domum
1030 1729 1152 1755 suam.

263 1776 319 1814 Ex
347 1776 408 1814 illa
437 1781 566 1815 autem
595 1776 655 1815 die
685 1777 872 1815 dederunt
901 1776 1047 1826 seipsos
1076 1775 1115 1813 in
1145 1774 1291 1824 uigilias
1312 1779 1349 1813 et
1378 1774 1569 1812 orationes

157 1840 193 1873 et
230 1834 369 1874 ieiunia
406 1835 527 1874 multa
564 1834 678 1874 nimis
717 1835 799 1874 sine
836 1834 1141 1880 intermissione,
1184 1833 1413 1872 elemosinas
1455 1835 1566 1871 etiam

158 1894 297 1932 multas
326 1899 362 1932 et
389 1894 553 1932 maiores
584 1907 700 1943 quam
729 1893 834 1944 prius
864 1893 1065 1932 faciebant.
1123 1892 1185 1931 Sic
1219 1892 1384 1941 denique
1421 1897 1568 1942 aposto-

156 1952 269 1991 licam
298 1958 334 1991 et
362 1953 441 1992 Deo
470 1953 671 2003 plalicitam
700 1953 816 1991 uitam
847 1953 997 2002 utrique
1036 1957 1192 2002 agentes
1221 1963 1343 2001 usque
1381 1951 1429 1990 ad
1467 1964 1569 1989 sum-
1587 1957 1711 1990 E141v

160 2024 266 2050 mam
295 2017 531 2050 senectutem
560 2017 820 2062 peruenerunt
849 2011 964 2050 simul
992 2011 1031 2049 in
1053 2023 1176 2049 unum
1205 2015 1241 2049 et
1268 2010 1321 2048 sic
1341 2009 1570 2059 quieuerunt

154 2070 194 2108 in
223 2083 327 2121 pace.
384 2071 523 2109 Arnen.

266 2214 286 2245 2
314 2212 432 2255 atque]
457 2215 492 2246 et
518 2213 594 2246 ΕΚ
649 2213 670 2246 6
696 2215 729 2246 et
761 2213 810 2246 Τ8
866 2212 888 2246 8
913 2211 1124 2245 rebuciones
1154 2210 1204 2246 ,Τι
1257 2212 1299 2244 10
1324 2210 1413 2254 me²]
1431 2214 1470 2252 -{-
1494 2221 1569 2244 esse

156 2267 232 2299 ΕΚ
298 2266 338 2299 12
366 2276 402 2298 es
428 2264 478 2299 B¹
548 2266 590 2299 13
620 2265 816 2299 retribuam
843 2266 917 2299 EK
983 2266 1025 2298 15
1057 2267 1091 2298 et
1122 2264 1220 2298 omni
1247 2285 1291 2290 --
1318 2264 1482 2298 omnium
1507 2265 1568 2298 Bm

159 2318 405 2362 dignissimam
424 2319 499 2352 ΕΚ
544 2318 730 2362 repletam]
754 2318 898 2362 plenam
916 2319 956 2352 K
1012 2319 1054 2351 16
1073 2317 1168 2361 dicit]
1187 2320 1227 2358 -Ι-
1250 2321 1283 2352 et
1302 2319 1373 2351 BT
1427 2318 1468 2351 19
1485 2317 1566 2358 hoel

158 2377 193 2409 -ξ-
221 2371 329 2415 igitur
346 2373 432 2411 ΕΚ;
453 2371 564 2405 intell.
582 2375 616 2405 et
634 2372 769 2407 consid.
786 2373 828 2406 K
875 2372 920 2405 20
938 2372 981 2405 de
999 2371 1054 2404 his
1071 2372 1159 2409 EK;
1186 2371 1242 2405 his
1264 2370 1313 2405 Tl
1363 2371 1404 2404 ⁹21
1426 2369 1568 2413 gaudiol

158 2427 197 2464 -ξ-
236 2427 356 2459 autem
388 2425 460 2458 ΕΚ
526 2425 570 2458 22
610 2435 673 2468 pro
711 2425 879 2469 reposita]
917 2424 1097 2468 proposita
1140 2422 1191 2458 Τι
1256 2425 1300 2458 26
1339 2423 1465 2457 exinde
1498 2424 1571 2456 ΕΚ

156 2478 200 2511 29
229 2478 397 2512 facientes
422 2479 498 2511 ΕΚ
