1834 2967
682 119 971 156 —115—

126 241 278 290 placet?
333 239 398 279 Ait
425 241 557 279 frater:
588 241 636 279 Vt
664 238 808 279 faciatis
836 238 1033 278 caritatem
1060 245 1103 278 ut
1131 239 1321 278 d01miam
1347 239 1410 278 hic
1443 253 1533 279 cum

122 313 202 338 uno
231 313 334 346 sene,
364 299 549 349 quoniam
577 313 662 338 sera
689 305 758 346 est,
787 312 837 337 ne
865 299 960 337 forte
979 300 1215 338 manducent
1244 312 1315 337 nos
1344 300 1432 338 fere.
1469 299 1532 337 Ait

123 357 157 397 ei
194 357 405 397 abbatissa:
447 359 534 397 Non
565 357 777 409 ingreditur
819 357 882 396 hic
922 356 1126 407 aliquando
1167 357 1239 396 uir.
1296 357 1532 408 Oportunius

123 422 179 456 est
208 416 313 456 enim
340 423 382 456 ut
409 417 531 467 magis
561 416 800 456 deuoremini
829 417 876 455 ab
897 416 1148 456 exterioribus
1178 416 1308 455 bestiis
1338 431 1456 466 quam
1484 418 1531 456 ab

122 475 380 515 interioribus.
437 475 538 515 Dixit
566 477 698 514 frater:
728 476 861 514 Abbas
889 474 1045 514 Daniel*
1074 481 1129 514 est
1160 475 1375 514 Sithiensis.

229 536 310 574 Hec
338 541 381 574 ut
408 534 565 581 audiuit,
595 534 723 573 statim
749 540 934 583 utrasque
964 540 1092 584 portas
1122 533 1297 584 aperiens
1334 534 1422 573 exiit
1451 549 1532 573 cur-

122 607 214 633 rens
240 593 281 632 in
302 607 506 632 occursum
534 593 633 640 eius;
664 591 834 631 similiter
864 599 900 631 et
923 592 1048 631 omnis
1077 592 1320 643 congregatio
1343 606 1531 632 sororum.

123 654 170 692 Et
198 658 419 692 strauerunt
455 651 616 691 maforia
644 665 715 690 sua
742 666 764 690 a
792 657 902 702 porta
929 651 1153 691 monasterii
1181 665 1304 701 usque
1331 651 1371 690 in
1406 652 1535 690 locum

121 710 189 750 ubi
209 717 288 750 erat
316 724 446 758 senex,
475 711 694 749 uolutantes
715 724 755 749 se
788 711 836 749 ad
856 711 971 761 pedes
1001 709 1083 749 eius
1103 716 1139 749 et
1157 710 1346 761 lingentes
1375 710 1534 760 uestigia

123 772 266 822 pedum
293 770 392 818 eius3
420 770 609 809 intrantes
638 773 680 808 in
707 769 999 816 monasterium,
1038 771 1199 808 afferens
1229 769 1385 809 domina
1412 769 1535 808 maior
1568 772 1614 808 10

123 843 285 868 concam
312 835 346 868 et
373 828 547 879 impleuit
573 828 679 868 illam
706 827 833 879 tepida
866 842 966 878 aqua
993 842 1084 867 cum
1111 828 1242 867 herbis
1277 828 1470 867 olentibus
1499 835 1535 867 et

124 888 255 928 statuit
283 901 434 927 sorores
462 887 503 926 in
532 889 630 927 duos
650 889 787 927 choros
817 887 907 926 hinc
936 893 972 926 et
991 887 1080 926 inde
1109 894 1145 926 et
1174 887 1266 926 lauit
1286 889 1400 938 pedes
1432 887 1534 926 senis

124 953 160 987 et
180 946 353 998 discipuli
373 946 472 994 eius;
494 948 708 997 tollensque
728 946 885 986 calicem
903 960 1071 997 paruum
1089 946 1246 986 adduxit
1276 960 1426 986 sorores
1447 953 1535 986 ante

123 1020 257 1046 senem
285 1012 321 1045 et
348 1007 486 1045 tollens
515 1020 605 1045 cum
638 1005 752 1045 calice
781 1020 827 1045 ex
862 1019 982 1045 conca
1009 1007 1227 1045 effundebat
1263 1019 1379 1056 super
1413 1005 1534 1056 capita

123 1080 273 1113 earum;
304 1071 436 1116 postea
465 1080 555 1105 uero
584 1066 714 1104 effudit
740 1064 781 1103 in
811 1064 942 1104 sinum
970 1078 1087 1104 suum
1115 1071 1150 1104 et
1185 1065 1224 1103 in
1255 1067 1390 1115 capud.
1446 1066 1535 1104 Erat
1569 1067 1613 1103 15

124 1124 228 1164 enim
255 1124 385 1164 uidere
413 1138 478 1163 eas
508 1125 615 1175 quasi
642 1123 788 1175 lapides
819 1123 1036 1164 immobiles
1065 1130 1101 1163 et
1128 1130 1268 1163 mutas.
1326 1125 1408 1163 Hec
1441 1137 1535 1162 uero

123 1190 205 1224 erat
231 1183 473 1223 conuersatio
499 1183 653 1223 illarum
681 1183 862 1233 angelica.

230 1243 331 1282 Dixit
359 1248 489 1282 autem
523 1256 641 1281 senex
677 1241 887 1282 abbatisse:
927 1242 1007 1280 Nos
1041 1247 1227 1280 uerentur
1267 1255 1430 1289 sorores,
1470 1247 1535 1281 aut

128 1302 181 1342 sic
201 1308 292 1342 sunt
311 1306 486 1353 semper?
528 1302 612 1350 Que
632 1301 699 1341 ait:
731 1301 794 1340 Sic
813 1307 904 1340 sunt
924 1315 1076 1351 semper
1095 1300 1232 1340 ancille
1253 1306 1329 1349 tue,
1360 1300 1533 1348 domine3

126 1363 192 1400 sed
223 1376 289 1401 ora
308 1375 376 1412 pro
398 1361 463 1401 eis.
507 1362 551 1400 Et
581 1361 631 1400 ait
651 1374 787 1399 senex:
818 1361 902 1399 Hoc
931 1359 1114 1411 discipulo
1143 1373 1230 1399 meo
1251 1359 1321 1407 dic,
1352 1359 1417 1409 qui
1437 1359 1534 1398 sicut
1563 1362 1614 1399 ΞΟ

124 1426 251 1472 gattus
277 1420 442 1471 insurgit
469 1426 602 1460 contra
629 1434 703 1459 1119.

230 1480 316 1519 Vna
343 1493 436 1518 uero
465 1493 512 1518 ex
541 1479 594 1518 eis
622 1479 768 1518 iacebat
795 1478 836 1518 in
864 1478 991 1518 medio
1020 1479 1105 1517 aule
1133 1477 1356 1518 monasterii
1385 1483 1420 1516 et
1449 1479 1532 1517 dor-

124 1539 290 1578 mietlbat
318 1538 446 1578 scissis
480 1538 494 1589 ΙΙ
519 1537 756 1577 indumentis
784 1543 820 1577 et
848 1551 1025 1589 pannosa
1058 1551 1102 1576 ac
1139 1536 1351 1577 seminuda.
1408 1538 1454 1576 Et
1483 1520 1668 1608 ait{{{{3{

125 1612 260 1638 senex:
308 1599 392 1646 Que
433 1604 490 1637 est
530 1597 603 1636 ista
644 1597 864 1636 dormiens?
919 1595 982 1635 Ait
1024 1596 1076 1634 illi
1116 1610 1195 1635 una
1233 1610 1278 1635 ex
1316 1595 1530 1635 sororibus:

125 1656 313 1696 Hebriosa
341 1663 410 1704 est,
439 1657 605 1696 domine.
662 1657 708 1696 Et
738 1656 825 1706 quid
856 1655 1062 1695 faciamus
1092 1654 1136 1702 ei,
1167 1655 1380 1702 nescimus3
1416 1654 1675 1695 eicereE182v

125 1724 255 1757 autem
283 1731 369 1756 eam
396 1730 442 1756 ex
471 1715 704 1755 monasterio
725 1715 933 1754 noluimus.
991 1714 1190 1754 Timemus
1220 1714 1324 1753 enim
1351 1713 1536 1753 iudicium

125 1776 205 1816 Dei.
263 1776 304 1815 Si
331 1789 425 1814 uero
454 1775 681 1815 dimittimus
711 1789 808 1822 eam,
837 1775 1041 1813 conturbat
1071 1787 1235 1812 sorores.
1283 1772 1386 1812 Dixit
1411 1779 1532 1812 autem

127 1849 244 1875 senex
273 1835 458 1886 discipulo
486 1848 574 1874 suo:
606 1835 712 1873 Tolle
740 1847 901 1873 concam
930 1839 965 1872 et
994 1834 1147 1871 effunde
1180 1845 1295 1882 super
1324 1846 1421 1871 eam.
1460 1831 1535 1879 Qui

125 1908 216 1934 cum
243 1893 403 1941 fecisset,
434 1893 599 1933 surrexit
630 1892 739 1943 quasi
760 1907 806 1931 ex
827 1891 1018 1931 ebrietate.
1063 1892 1109 1930 Et
1137 1891 1188 1930 ait
1216 1891 1429 1930 abbatissa:
1460 1892 1535 1929 Do—

126 1954 242 2000 mine,
273 1952 378 1992 omni
406 1959 576 2004 tempore
605 1952 658 1991 sic
686 1958 744 1991 est
771 1957 814 1991 ut
842 1951 962 1990 uides.
1563 1954 1614 1990 30

232 2013 386 2051 Tollens
414 2026 507 2051 uero
537 2012 731 2051 abbatissa
751 2025 896 2058 senem,
926 2009 1139 2049 introduxit
1166 2008 1205 2048 in
1236 2008 1479 2049 refectorium
1498 2015 1533 2048 et

126 2071 211 2111 fecit
238 2085 375 2110 cenam
411 2070 607 2110 sororibus
637 2071 783 2109 dicens:
820 2068 986 2108 Benedic
1014 2068 1168 2108 ancillas
1203 2074 1303 2115 tuas,
1339 2073 1458 2119 pater,
1493 2074 1536 2106 ut

125 2131 166 2170 in
194 2137 402 2182 conspectu
430 2136 495 2169 tuo
524 2136 688 2180 gustent.
731 2131 777 2168 Et
805 2128 996 2168 benedixit
1028 2142 1091 2167 eas
1120 2142 1250 2167 senex.
1292 2129 1379 2178 Ipsa
1407 2133 1537 2167 autem

128 2191 207 2230 sola
247 2203 338 2229 cum
376 2189 568 2240 preposita
605 2203 676 2228 sua
713 2188 809 2228 sedit
848 2202 939 2227 cum
973 2201 1029 2226 eo.
1086 2188 1132 2226 Et
1169 2187 1433 2226 ministrantes
1474 2200 1535 2237 ap-

1587 479 1611 514 Οἵ

233 2351 255 2384 4
280 2348 343 2384 ab²
373 2350 426 2383 Ks
487 2349 509 2382 5
534 2348 740 2382 Seithiensis
765 2347 840 2382 ΕΚ
897 2349 938 2381 10
963 2346 1145 2381 intrabant
1170 2347 1248 2380 ΕΚ
1300 2346 1463 2388 afferens]
1494 2349 1531 2386 -ξ-

127 2407 246 2439 autem
281 2404 358 2438 E'K
423 2402 462 2435 11
491 2402 664 2436 concham
689 2402 767 2436 ΕΚ
826 2402 867 2435 13
893 2404 927 2434 et
953 2401 994 2434 S³
1065 2400 1109 2433 14
1134 2400 1203 2442 effi]
1231 2402 1270 2439 -1-
1301 2410 1383 2433 911111
1409 2400 1472 2433 cal.
1500 2400 1535 2432 in

128 2468 205 2492 con.
225 2457 301 2492 EK
349 2457 391 2490 15
416 2459 451 2489 et
474 2457 596 2499 postea
622 2456 699 2490 ΕΚ
744 2458 850 2499 caput
873 2454 950 2488 ΕΚ
997 2454 1039 2486 16
1064 2453 1164 2496 uero]
1187 2453 1296 2495 igitur
1311 2453 1390 2487 ΕΚ
1434 2453 1480 2486 20
1502 2455 1536 2486 et

128 2511 176 2545 ait
209 2520 318 2544 senex
349 2510 415 2545 Km
488 2509 529 2542 21
557 2511 671 2542 cattus
696 2509 771 2542 E'K
841 2508 885 2541 22
921 2509 1041 2541 autem
1075 2507 1150 2541 ΕΚ
1220 2506 1264 2540 ⁰25
1300 2505 1439 2540 ebriosa
1464 2505 1540 2540 ΕΚ

128 2565 173 2598 26
198 2567 298 2598 extra
315 2561 571 2597 monasterium
597 2561 765 2596 nolumus
785 2562 858 2596 ΕΚ
904 2561 949 2595 28
975 2560 1148 2594 concham
1167 2561 1240 2593 ΕΚ
1289 2560 1333 2593 ⁶29
1359 2559 1471 2602 quasi]
1495 2562 1531 2598 -ἰ-

129 2617 269 2652 ebriosa
293 2617 366 2650 ΕΚ

1361 2681 1396 2707 8*
