1834 2967
839 121 1103 159 *72—

625 261 695 304 19.
727 261 801 303 De
829 260 1040 315 quodam
1068 258 1311 301 solitario.

261 351 380 439 Fuit
410 350 566 401 quidam
596 351 786 390 solitarius
814 350 965 388 habens
985 350 1061 388 duo
1091 347 1249 394 colobia,
1278 361 1403 386 unum
1433 347 1471 385 in
1503 347 1681 398 sollemp-

352 410 535 449 nitatibus
564 415 601 448 et
621 410 725 448 aliud
753 408 1015 448 cottidianum.
1055 407 1167 446 Venit
1188 407 1345 456 quidam
1364 419 1508 457 pauper
1540 407 1680 445 hiemis

265 475 438 520 tempore
459 482 626 519 querens
645 469 929 507 indumentum.
986 468 1050 506 Ille
1076 480 1171 505 uero
1191 465 1322 504 eduxit
1350 479 1493 516 panem
1523 471 1559 504 et
1578 465 1682 504 dedit

136 535 242 569 E159
265 528 298 567 ei
326 527 500 567 dirceus:
538 527 678 578 Accipe
714 528 800 574 hoc,
839 525 928 576 quia
962 525 1235 565 indumentum
1274 538 1354 563 non
1388 525 1512 563 habeo
1550 538 1680 575 super-

265 588 388 626 fluum
416 588 517 637 quod
546 587 615 625 tibi
644 587 796 625 donem.
854 586 1005 635 Pauper
1044 598 1138 623 uero
1177 597 1254 623 non
1295 584 1471 622 cessabat
1508 584 1599 622 flere
1636 596 1681 622 ac

263 646 473 685 uociferare
514 645 663 685 dicens:
707 645 886 684 Miserere
925 643 1013 683 mei.
1070 644 1201 682 Victus
1242 643 1369 693 itaque
1403 643 1619 681 monachus
1660 656 1684 681 a

264 718 376 755 prece
404 705 595 755 pauperis,
625 705 774 743 intrans
795 704 929 742 cellam
958 716 1081 750 suam,
1113 702 1216 741 exuit
1245 715 1286 740 se
1306 701 1511 740 cottidiano
1531 700 1680 740 colobio

264 769 302 803 et
331 764 432 803 dedit
460 763 635 814 pauperi;
666 762 739 801 sibi
767 768 896 801 autem
916 761 1073 800 retinuit
1100 761 1252 800 melius.
1307 761 1447 799 Postea
1475 773 1568 799 uero
1590 774 1680 799 con-

170 830 247 864 876
266 828 432 874 punctus
462 823 556 862 dixit
584 822 760 872 pauperi:
782 819 797 872 ΙΙ
818 821 949 859 Redde
976 820 1094 859 michi
1124 821 1225 870 quod
1254 822 1322 858 tibi
1351 820 1436 858 dedi
1475 819 1682 867 colobium,

269 887 305 921 et
333 882 461 932 accipe
489 883 563 920 hoc
590 882 739 920 melius.

374 941 473 980 Cum
502 946 632 979 autem
652 939 872 990 accepisset,
903 938 1027 977 induit
1047 951 1087 977 se
1106 938 1198 977 illud
1218 943 1254 977 et
1274 937 1408 977 abiens
1428 937 1466 976 in
1488 936 1683 976 ciuitatem

266 999 437 1039 uendidit
457 1001 555 1038 illud
574 999 726 1038 cuidam
754 998 956 1037 meretrici.
1014 998 1080 1036 Illa
1107 1011 1201 1036 uero
1221 997 1386 1036 induens
1406 1010 1444 1035 se
1464 996 1556 1035 illud
1575 997 1682 1035 uenit

268 1060 386 1098 semel
415 1064 450 1097 et
479 1058 537 1096 bis
575 1058 641 1096 ubi
677 1062 759 1096 erat
792 1056 875 1096 ille*
912 1057 1142 1096 monachus.
1197 1057 1246 1094 Vt
1282 1061 1411 1094 autem
1444 1056 1539 1094 uidit
1574 1055 1682 1094 indu-

194 1120 240 1158 15
269 1123 446 1157 mentum
475 1131 602 1165 suum,
632 1116 855 1167 recognouit
889 1115 978 1166 quia
1007 1129 1123 1154 suum
1152 1121 1252 1154 esset
1282 1127 1357 1165 quo
1392 1114 1431 1153 in
1466 1113 1684 1165 sollempni-

267 1176 410 1215 tatibus
430 1177 621 1215 utebatur.
679 1175 936 1214 Contristatus
966 1180 1023 1214 est
1050 1175 1164 1213 ualde
1184 1179 1220 1213 et
1240 1174 1388 1213 intrans
1418 1174 1552 1212 cellam
1573 1187 1685 1212 suam

268 1235 379 1275 dixit:
418 1236 517 1274 Vere
547 1235 637 1285 quia
671 1248 751 1273 non
786 1235 928 1286 placuit
956 1234 1036 1272 Deo
1072 1235 1147 1272 hoc
1189 1234 1291 1283 quod
1330 1233 1399 1271 feci
1437 1246 1508 1271 nec
1545 1232 1685 1283 recepit

268 1308 397 1334 meam
426 1294 685 1341 demtionem,
717 1293 899 1344 quoniam
928 1293 967 1331 in
998 1293 1135 1331 talibus
1163 1292 1345 1331 manibus
1381 1292 1488 1330 uenit
1526 1291 1685 1342 pallium

168 1356 250 1390 B98
267 1367 412 1400 meum,
450 1366 526 1403 quo
556 1367 625 1404 ego
654 1353 693 1391 in
723 1353 857 1392 diebus
886 1352 990 1391 festis
1019 1352 1209 1390 induebar
1244 1357 1280 1390 et
1317 1353 1433 1390 modo
1467 1350 1648 1390 meretrix
1668 1362 1679 1392 ii

190 1410 241 1448 ,020
269 1413 409 1452 utitur*
439 1425 495 1451 eo.

378 1472 450 1510 Pre
479 1471 635 1510 tristicia
663 1485 755 1510 uero
783 1484 863 1509 non
893 1470 1055 1510 comedit
1085 1470 1144 1509 die
1181 1470 1255 1508 illa.
1311 1470 1431 1508 Nocte
1465 1483 1560 1508 uero
1596 1482 1685 1508 cum

169 1534 251 1568 T72
271 1531 540 1578 obdormisset,
582 1531 676 1569 uidit
718 1530 929 1569 Dominum
949 1530 964 1580 ΙΙ
986 1535 1161 1568 nostrum
1205 1530 1362 1568 Ihesum
1398 1529 1595 1568 Christum
1630 1529 1685 1567 in-

146 1593 250 1627 1514ss
270 1592 407 1629 dutum
435 1590 713 1629 uestimentum
741 1602 857 1628 suum
886 1590 988 1639 quod
1009 1588 1023 1640 ΙΙ
1043 1588 1200 1640 pauperi
1230 1588 1332 1627 dedit
1360 1594 1397 1627 et
1426 1588 1686 1626 introeuntem

270 1650 309 1688 in
325 1651 460 1688 cellam
472 1663 583 1688 suam
595 1654 631 1688 et
642 1649 832 1688 dicentem
847 1648 937 1688 sibi:
959 1649 1102 1695 Frater,
1114 1649 1242 1686 frater.
1273 1647 1347 1695 Qui
1359 1653 1401 1686 ut
1417 1647 1575 1697 aspexit,
1591 1646 1687 1685 uidit

191 1707 241 1744 25
270 1710 396 1748 lucem
414 1722 598 1759 magnam
618 1708 804 1758 dixitque:
834 1707 929 1756 Quis
950 1721 1003 1755 es,
1033 1707 1212 1746 domine?
1253 1707 1328 1754 Qui
1348 1706 1441 1745 dixit
1461 1706 1514 1745 ei:
1544 1705 1686 1756 Aspice

270 1768 310 1807 in
338 1781 413 1807 me.
471 1768 518 1806 Vt
547 1773 677 1806 autem
706 1767 913 1818 prospexit,
943 1767 1037 1806 dixit
1065 1766 1117 1806 ei:
1148 1766 1357 1816 Cognoscis
1386 1766 1484 1804 hoc?
1515 1766 1686 1815 Respon-

271 1827 342 1867 dit:
372 1827 513 1875 Eciam,
544 1827 720 1875 domine3
761 1826 953 1866 colobium
989 1840 1122 1866 meum
1152 1831 1220 1865 est.
1277 1825 1341 1864 Ait
1374 1824 1443 1864 illi:
1483 1825 1562 1875 Ego
1600 1837 1688 1863 sum

270 1887 417 1925 Ihesus.
472 1886 561 1925 Non
590 1886 667 1925 iam
695 1886 868 1934 tristeris,
899 1886 966 1925 sed
995 1887 1119 1936 gaude
1146 1891 1183 1924 et
1211 1886 1352 1924 laetare
1381 1890 1417 1923 et
1445 1898 1514 1934 age
1547 1883 1687 1934 gratias

272 1946 363 1985 Deo.
420 1946 476 1984 Ex
507 1959 582 1996 quo
612 1945 716 1984 enim
744 1944 860 1984 illud*
889 1945 1024 1984 dedisti
1053 1945 1222 1995 pauperi,
1254 1958 1323 1994 ego
1352 1944 1490 1994 accepi.

191 2002 243 2040 30
377 2005 423 2043 Et
451 2005 588 2044 letatus
630 2005 847 2044 monachus
883 2005 995 2043 ualde
1030 2004 1069 2042 in
1106 2003 1342 2054 benignitate
1379 2002 1532 2042 Domini
1569 2001 1688 2041 nostri

271 2064 385 2102 Ihesu
415 2063 567 2111 Christi,
598 2063 662 2114 qui
693 2077 772 2103 non
801 2063 974 2114 permisit
1003 2077 1092 2102 eum
1121 2063 1289 2113 torqueri
1319 2076 1341 2101 a
1374 2061 1688 2113 cogitacionssms,

271 2124 338 2161 sed
367 2123 597 2162 certificabat
627 2137 716 2162 eum
744 2123 783 2161 in
813 2124 934 2161 uerbo
964 2124 1065 2172 quod
1092 2128 1180 2161 ante
1211 2121 1438 2172 predixerat,
1469 2121 1557 2171 quia
1587 2121 1689 2170 quod

270 2182 338 2220 uni
368 2195 414 2220 ex
443 2182 614 2221 minimis
642 2182 739 2221 meis
770 2182 920 2230 fecistis,
950 2182 1067 2221 michi
1097 2181 1248 2220 fecistis.

378 2355 398 2388 2
425 2353 566 2388 colobia
591 2354 660 2388 duo
687 2355 758 2388 BT
802 2355 823 2388 3
850 2354 895 2397 et]
923 2365 977 2387 om
1004 2354 1044 2388 K
1091 2353 1227 2396 hyemis
1254 2353 1296 2387 K
1346 2352 1368 2386 4
1394 2351 1560 2395 querens]
1583 2353 1619 2391 -ὶ-
1643 2350 1689 2385 ab

271 2419 312 2442 eo
326 2408 406 2443 ΕΚ
463 2408 481 2441 7
508 2407 696 2441 uociferari
722 2408 803 2442 ΕΚ
853 2408 875 2441 8
900 2407 1050 2449 intrans]
1070 2408 1108 2447 -1-
1126 2407 1162 2440 111
1188 2407 1267 2441 ΕΚ
1323 2406 1344 2438 9
1369 2416 1456 2440 uero
1482 2405 1562 2439 ΕΚ
1607 2404 1688 2438 mel.

270 2464 333 2495 ret.
353 2461 395 2496 K
447 2462 489 2495 12
515 2461 600 2503 acc]
631 2462 670 2502 -i-
699 2460 785 2495 illud
812 2461 894 2495 EK
950 2461 993 2494 14
1018 2460 1087 2503 ille]
1114 2460 1173 2494 illa
1206 2461 1237 2493 T
1291 2458 1391 2501 uidit]
1422 2461 1460 2499 -ὶ-
1491 2457 1691 2492 monachus

270 2515 350 2549 ΕΚ
411 2515 452 2549 16
478 2514 695 2549 induebatur
720 2514 760 2548 K
814 2514 963 2556 intrans]
994 2516 1032 2554 -1-
1061 2513 1098 2547 111
1124 2513 1202 2548 ΕΚ
1264 2513 1304 2546 17
1333 2522 1449 2555 neque
1475 2521 1594 2545 meam
1620 2521 1688 2544 rec.

269 2568 348 2603 ΕΚ
404 2569 445 2601 19
472 2568 572 2610 men]
603 2569 641 2608 -1-
670 2567 804 2601 femina
829 2568 909 2602 ΕΚ
960 2569 999 2601 21
1031 2567 1090 2601 illo
1118 2567 1158 2601 Κ
1217 2569 1337 2600 autem
1363 2565 1444 2600 ΕΚ
1502 2564 1548 2598 24
1573 2563 1690 2598 dicen-

270 2624 413 2664 temque
439 2621 519 2656 ΕΚ
566 2622 610 2655 29
638 2621 710 2655 Deo
737 2631 787 2664 gr.
807 2631 871 2665 age
897 2621 976 2655 ΕΚ
1022 2621 1068 2654 30
1093 2619 1303 2662 monachus]
1331 2621 1383 2653 est
1410 2618 1490 2653 ΕΚ
