1834 2967
157 650 198 693 l.
222 649 398 703 Incipit
429 647 633 690 historia
665 647 719 688 de
752 645 955 698 imagine
988 644 1164 687 domini
1195 645 1349 688 nostri
1380 645 1519 687 lhesu

131 725 329 779 Christi,
360 735 446 777 quo
476 724 548 766 est
574 723 625 764 in
654 721 816 765 calcho
842 721 1026 776 precisa
1053 722 1102 763 in
1124 721 1225 765 loco
1246 721 1333 764 illo
1356 721 1436 774 qui
1458 733 1543 775 pro

167 815 305 846 causa,
326 801 682 855 cognominatur
703 799 1059 855 Antyphonitis‚
1082 799 1131 841 id
1152 800 1224 842 ost
1244 798 1514 847 mediator-1

235 902 329 936 Post
357 897 624 936 ascensionem
658 895 803 935 domini
842 895 962 935 nostri
990 896 1102 934 lhesu
1133 894 1274 933 Christi
1303 896 1349 933 ad
1379 895 1478 933 celos
1509 899 1543 932 et

131 957 421 996 descensionem
441 956 562 995 sancti
583 955 748 1007 Spiritus
766 954 942 994 Paracliti
962 955 1001 993 in
1022 953 1119 1005 ignis
1140 954 1265 1004 specie
1293 953 1337 992 in
1358 954 1449 992 Pen
1477 959 1540 991 te·
1567 961 1592 994 E
1608 962 1673 996 130

131 1022 297 1056 costen
327 1029 441 1066 super
470 1020 658 1054 sanctos
687 1015 880 1065 apostolos
909 1027 1062 1052 necnon
1091 1019 1127 1051 et
1155 1014 1429 1063 apostolorum,
1460 1025 1544 1062 que

131 1076 217 1114 fuit
236 1088 303 1125 per
323 1075 549 1113 uniuersum
568 1075 772 1121 mundum,
793 1073 1073 1124 dispersionem
1093 1078 1129 1111 et
1149 1086 1216 1123 per
1234 1072 1339 1123 ipsos
1359 1071 1543 1110 uniuerso

132 1134 213 1174 orbi
243 1134 441 1173 seminans
478 1133 673 1172 salutifera
709 1133 858 1171 semina
894 1137 1008 1182 atque
1042 1131 1131 1182 ipsi
1164 1139 1344 1170 omnnem
1373 1144 1542 1169 errorem
1568 1138 1676 1172 K112

131 1194 331 1244 ydolorum
360 1206 407 1232 ex
426 1192 649 1231 hominibus
670 1192 914 1242 expellentes,
944 1191 1013 1230 Dei
1040 1196 1169 1230 autern
1197 1204 1354 1229 ueram
1374 1190 1489 1229 fidem
1509 1195 1545 1228 et

133 1251 389 1302 cognitionem
418 1251 456 1290 in
483 1257 562 1290 toto
581 1252 728 1289 mundo
748 1255 1052 1301 transportantes
1073 1255 1208 1299 atque
1227 1249 1543 1299 predicantes,
1577 1252 1624 1289 lo

133 1311 310 1361 quamuis
339 1311 465 1350 adhuc
492 1311 692 1360 ydolorum
721 1310 870 1348 cultura
903 1314 1154 1360 permanente
1182 1322 1249 1358 per
1278 1307 1450 1347 tirannos
1481 1308 1543 1357 qui

133 1370 268 1409 mundi
287 1371 460 1409 habenas
480 1370 761 1420 gubernabant,
791 1368 948 1408 ecclesie
978 1373 1106 1407 tamen
1127 1368 1195 1406 Dei
1221 1380 1288 1417 per
1315 1366 1544 1405 uniuersum

133 1431 323 1469 mundum
361 1428 667 1480 persecutionem
702 1428 889 1479 patientes
927 1428 1047 1466 multo
1086 1428 1208 1477 magis
1246 1426 1469 1465 crescebant
1509 1431 1544 1464 et

134 1489 459 1536 confortabantur,
490 1489 696 1527 uincebant
725 1494 761 1526 et
789 1487 1013 1526 mirabiliter
1041 1487 1248 1537 fulgebant.

253 1638 268 1671 1
297 1637 455 1682 hystoria
479 1638 521 1671 K
565 1638 587 1671 ὃ
612 1636 782 1680 paraclyti
807 1638 844 1670 K
896 1637 934 1670 11
964 1639 1135 1681 tyrannos
1159 1636 1234 1669 EK

255 1696 266 1715 ¹
298 1698 344 1730 W
364 1700 492 1740 incipit
516 1696 574 1729 hic
599 1695 678 1738 (fol.
697 1698 784 1737 157)
811 1697 910 1738 foliis
930 1694 1199 1739 precedentibus
1224 1695 1415 1728 abscissis-1
1434 1695 1545 1738 quod-

134 1762 202 1794 que
244 1761 307 1794 per
348 1761 450 1784 suam
492 1749 679 1784 scientiam
720 1752 773 1783 est
817 1749 983 1792 dignatus
1028 1747 1195 1782 exhibere
1243 1747 1279 1780 in
1324 1747 1543 1782 hominihus.

137 1803 325 1847 Quomodo
352 1806 386 1838 et
411 1803 573 1846 qualiter,
600 1813 698 1837 nunc
723 1802 945 1845 subsequens
972 1812 1090 1835 sermo
1118 1801 1286 1836 declarat.

241 2110 335 2144 Post
363 2105 629 2144 ascensionem
658 2105 878 2142 Saluatorzsss
907 2102 1029 2141 nostri
1057 2102 1170 2140 Ihesu
1196 2099 1333 2139 Christi
1364 2101 1412 2139 ad
1442 2101 1542 2139 celos

136 2172 173 2206 et
201 2165 493 2205 descensionem
522 2163 642 2202 sancti
671 2162 833 2213 Spiritus
862 2161 1037 2201 Paracliti
1075 2160 1115 2199 in
1152 2160 1249 2210 ignis
1278 2160 1402 2210 specie
1431 2173 1546 2210 super

136 2226 329 2277 apostolos
358 2236 511 2262 necnon
541 2228 577 2262 et
605 2222 865 2273 apostolorum
894 2233 960 2271 per
990 2219 1215 2259 uniuersum
1243 2221 1367 2258 orbem
1405 2219 1546 2269 disper-

137 2286 286 2324 sionem
316 2288 352 2322 et
378 2296 444 2334 per
472 2283 573 2333 ipsos
593 2281 812 2320 universum
833 2281 963 2319 orbem
983 2280 1235 2328 dispersionis
1264 2278 1412 2317 semina
1431 2284 1544 2328 atque

138 2357 295 2383 omnem
325 2355 494 2382 errorem
514 2342 711 2391 ydolorum
732 2353 778 2378 ex
797 2339 1022 2378 hominibus
1051 2337 1296 2388 expellentes,
1325 2337 1393 2376 Dei
1414 2342 1543 2375 autem
1600 2339 1623 2375 5

138 2404 253 2442 fidem
281 2408 317 2441 et
338 2400 595 2451 cognitionem
623 2400 661 2437 in
691 2404 810 2438 totum
838 2399 1025 2436 mundum
1045 2399 1383 2446 transplantantes,
1414 2409 1546 2445 quam-

138 2463 198 2501 uis
252 2462 378 2501 adhuc
419 2460 619 2511 ydolorum
665 2459 813 2497 cultura
863 2462 1112 2507 permanente
1159 2469 1226 2506 per
1267 2455 1433 2494 tirranos
1482 2454 1545 2504 qui

138 2521 273 2561 mundi
302 2522 445 2560 abenas
482 2519 762 2570 gubernabant,
802 2516 956 2556 ecclesie
994 2531 1083 2555 uero
1111 2515 1179 2555 Dei
1216 2528 1282 2565 per
1319 2514 1545 2554 uniuersum

140 2583 262 2621 orbem
292 2579 597 2631 persecutionem
625 2577 811 2628 patientes
840 2577 960 2615 multo
988 2575 1109 2625 magis
1138 2574 1359 2614 crescebant
1393 2579 1430 2612 et
1457 2586 1547 2612 con-

141 2640 390 2686 fortabantur,
421 2638 626 2677 uincebant
655 2642 691 2676 et
719 2635 940 2675 mirabiliter
969 2635 1174 2685 fulgebant.
1579 2632 1625 2669 10

1373 2707 1406 2733 1*
