1834 2967
724 137 986 174 —51—

147 262 292 301 audiuit
320 262 533 312 episcopus⁷
568 262 679 300 ualde
721 261 914 300 edificatus
952 263 994 299 in
1034 262 1108 309 fide
1143 261 1282 300 dimisit
1303 261 1317 311 Η
1339 275 1426 300 eum
1465 275 1552 300 cum
1571 262 1695 296 E147v

147 334 250 371 pace.
273 320 287 371 Η
308 322 349 359 In
379 320 463 359 illos
492 334 584 359 uero
614 319 677 370 qui
707 320 760 359 eis
789 321 1031 359 detraxerant
1069 321 1179 358 ualde
1213 320 1342 367 iratus,
1382 320 1467 359 fecit
1504 321 1556 359 ul·
1575 323 1682 356 T60v

146 380 291 418 tionem
321 393 399 418 non
428 380 630 419 modicam.

558 542 601 585 8.
635 542 702 584 De
734 540 932 594 quodam
963 542 1143 584 iuuene.

187 631 357 670 Tarrauit
376 631 495 669 abbas
516 630 726 675 Johannes,
748 628 811 678 qui
827 629 1008 668 manebat
1027 629 1067 667 in
1087 630 1169 667 loco
1191 629 1255 679 qui
1278 630 1412 669 dicitur
1431 631 1556 678 Petra,
1612 634 1634 670 5

258 691 304 729 de
344 690 480 728 abbate
517 688 673 727 Daniele
702 687 849 738 Egiptio
887 688 1029 734 dicens,
1072 688 1160 738 quia
1197 702 1285 727 cum
1326 690 1557 728 ascendisset

147 762 265 788 senex
293 749 332 787 in
359 749 489 787 locum
509 748 573 797 qui
592 747 727 786 dicitur
747 746 957 785 Terenuthi
977 753 1017 786 ut
1043 748 1226 786 uenderet
1245 761 1340 798 opus
1369 762 1556 787 manuum

148 821 317 855 suarum,
346 807 496 846 iuuenis
517 807 672 856 quidam
691 806 849 845 accessit
868 807 1076 856 deprecans
1105 820 1193 845 eum
1218 807 1369 846 dicens:
1395 808 1556 857 Propter

146 868 269 906 Deum
297 872 334 905 te
362 880 466 916 rogo,
505 871 622 916 pater,
661 871 703 903 ut
740 865 873 903 uenias
914 865 954 903 in
990 866 1148 904 domum
1169 864 1184 916 ΙΙ
1204 879 1330 904 meam
1371 871 1407 904 et
1448 866 1556 904 fatias
1582 873 1656 907 569

146 926 357 966 orationem
387 938 501 975 super
530 937 688 963 uxorem
718 937 858 970 meam,
889 924 976 974 quia
996 924 1132 963 sterilis
1152 930 1218 963 est.
1276 925 1404 963 Senex
1429 930 1557 963 autem
1589 928 1636 965 10

146 985 269 1024 uictus
298 999 320 1023 a
347 998 458 1035 prece
486 984 649 1032 iuuenis,
679 997 723 1022 eo
753 984 855 1033 quod
883 997 950 1034 per
978 997 1120 1022 nomen
1150 984 1303 1022 Domini
1337 997 1426 1022 eum
1454 983 1557 1022 adiu·

148 1050 311 1091 rauerat,
332 1044 422 1082 abiit
442 1057 530 1082 cum
550 1056 607 1082 eo.
646 1043 692 1081 Et
711 1042 809 1081 facta
829 1042 1000 1081 oratione
1029 1056 1143 1093 super
1162 1056 1281 1081 uxore
1302 1042 1382 1082 eius
1402 1042 1558 1082 recessit

148 1109 183 1142 et
212 1103 301 1142 abiit
330 1103 370 1141 in
400 1103 534 1141 cellam
564 1115 686 1140 suam.

253 1162 339 1201 Non
369 1167 456 1212 post
482 1162 648 1200 multum
676 1174 767 1199 uero
796 1165 947 1210 tempus
973 1160 1145 1211 concepit
1172 1160 1320 1200 mulier.
1376 1162 1487 1208 Quod
1515 1165 1558 1200 ut

148 1221 327 1260 uiderunt
361 1221 469 1271 praui
497 1220 676 1259 homines
705 1220 828 1258 Deum
858 1233 936 1258 non
966 1219 1155 1267 timentes⁷
1195 1220 1445 1258 detrahebant
1473 1219 1555 1258 seni
1589 1223 1635 1260 15

147 1282 333 1320 dicentes:
367 1279 382 1331 ΙΙ
413 1281 511 1319 Vere
540 1279 683 1318 scimus
713 1279 801 1329 quia
828 1278 981 1317 inuenis
1009 1278 1278 1329 ingenerabilis
1308 1284 1365 1317 est
1401 1284 1436 1317 et
1476 1292 1555 1317 non
1580 1286 1684 1321 K1Q9

147 1346 321 1391 generat,
371 1341 437 1378 sed
484 1340 529 1378 de
575 1339 711 1377 abbate
752 1338 909 1377 Daniele
959 1338 1132 1388 concepit
1177 1338 1324 1377 mulier.
1393 1338 1556 1377 Deuenit

148 1404 275 1438 autem
303 1400 375 1438 hec
403 1399 504 1437 fama
538 1411 660 1447 usque
688 1398 736 1436 ad
765 1411 910 1436 senem.
966 1397 1078 1444 Quod
1113 1410 1200 1435 curn
1236 1397 1416 1444 audisset,
1454 1397 1556 1435 misit

147 1460 195 1498 ad
233 1459 360 1497 uirum
396 1457 567 1497 mulieris
605 1456 753 1496 dicens:
798 1457 895 1495 Cum
936 1456 1109 1507 genuerit
1150 1469 1248 1494 uxor
1286 1461 1362 1503 tua⁷
1403 1456 1555 1494 notifica

146 1518 238 1556 illud
267 1518 396 1556 michi.
1585 1518 1636 1555 <20

253 1577 416 1625 Quando
436 1589 529 1615 uero
558 1575 688 1626 genuit
707 1575 856 1621 mulier,
886 1574 1112 1613 nunciatum
1141 1580 1197 1613 est
1223 1574 1400 1613 aiuuene
1428 1574 1556 1612 abbati

147 1637 294 1675 Danieli
322 1637 361 1675 in
391 1636 502 1683 (mhi,
541 1635 629 1685 quia
666 1648 754 1673 cum
789 1634 856 1673 Dei
891 1634 1100 1673 adiutorio
1139 1640 1175 1672 et
1209 1634 1445 1672 orationibus
1483 1633 1557 1671 tuis
1583 1640 1686 1674 1389v

148 1697 277 1746 genuit
306 1696 454 1734 mulier.
511 1696 621 1733 Tunc
651 1694 741 1733 abiit
769 1694 890 1733 abbas
919 1694 1052 1732 Daniel
1081 1693 1248 1743 dixitque
1276 1692 1427 1730 iuueni:
1483 1693 1557 1730 Fac

147 1754 352 1806 prandium
382 1761 418 1793 et
446 1754 565 1793 inuita
585 1767 721 1792 omnes
750 1759 928 1804 parentes
957 1758 992 1791 et
1012 1753 1154 1791 amicos
1175 1758 1272 1791 tuos.
1313 1752 1409 1790 Cum
1429 1756 1556 1790 autem

149 1814 308 1853 omnes*
336 1815 603 1865 pranderent,
646 1813 788 1864 accepit
826 1826 943 1851 senex
981 1813 1166 1850 infantem
1195 1811 1234 1849 in
1262 1811 1443 1849 manibus
1478 1811 1556 1849 suis
1581 1817 1658 1851 T61

149 1879 185 1912 et
222 1887 352 1912 coram
390 1873 570 1912 omnibus
612 1872 704 1911 dixit
745 1872 796 1910 ei:
839 1872 933 1919 Quis
968 1877 1024 1910 est
1062 1876 1168 1921 pater
1206 1875 1308 1917 tuus,
1347 1883 1368 1908 o
1403 1870 1554 1908 infans?

148 1932 270 1971 Dixit*
298 1946 409 1983 puer:
440 1933 513 1971 Iste
542 1938 611 1979 esty
641 1931 796 1970 domine
825 1930 890 1980 mi,
920 1932 1190 1969 demonstrans
1228 1930 1408 1968 iuuenem
1443 1929 1556 1979 digito

147 2004 287 2030 manus
316 2005 394 2030 sue.
451 1992 540 2030 Erat
578 1991 681 2030 enim
718 2003 812 2040 puer
850 1990 997 2028 dierum
1036 1988 1170 2039 uiginti
1209 1988 1389 2038 quinque.
1447 1988 1555 2036 Quod

149 2051 323 2089 uidentes
352 2063 488 2088 omnes
517 2050 580 2099 qui
610 2051 770 2088 aderant
799 2048 1108 2099 glorificauerunt
1137 2048 1272 2086 Deum.

255 2109 310 2147 Ex
339 2115 431 2147 tunc
459 2110 637 2147 obstrusa
665 2114 755 2147 sunt
790 2108 890 2146 labia
923 2107 1161 2157 loquentium
1193 2107 1335 2157 iniqua,
1371 2106 1435 2156 qui
1468 2106 1555 2145 Dei*
1584 2108 1635 2145 30

148 2169 296 2207 homini
321 2169 573 2207 detraxerant.

255 2334 275 2367 2
302 2333 365 2377 eis]
390 2334 421 2367 ei
448 2333 600 2367 KS²BT
660 2335 681 2367 6
707 2333 846 2377 egyptio
874 2334 948 2366 KT
995 2333 1012 2365 '1'
1040 2331 1207 2366 Terenuti
1233 2333 1275 2365 K
1338 2331 1379 2365 12
1406 2341 1553 2365 uxorem

151 2387 196 2423 T¹
254 2387 297 2421 14
322 2390 464 2430 tempus
489 2397 575 2420 uero
601 2388 672 2420 BT
722 2387 771 2429 ut]
799 2397 852 2420 om
884 2387 907 2419 Ί
974 2386 1016 2419 15
1040 2385 1137 2419 hom.
1155 2384 1300 2429 pessimi
1325 2385 1401 2418 ΕΚ
1453 2384 1496 2417 16
1522 2387 1556 2417 et

149 2440 235 2484 non]
262 2451 325 2474 nec
351 2441 427 2473 ΕΚ
498 2440 540 2473 18
565 2439 661 2473 fama
694 2440 760 2473 hec
795 2440 867 2473 BT
935 2438 1041 2482 quod]
1074 2438 1133 2481 qui
1160 2439 1235 2472 EK
1304 2438 1344 2471 21
1374 2447 1458 2479 ergo
1483 2438 1559 2470 ΕΚ

150 2494 194 2527 22
221 2493 325 2528 scithi
351 2494 399 2533 E;
441 2492 517 2526 sciti
543 2494 585 2526 K
645 2492 740 2535 quia'l
765 2492 826 2535 qui
852 2493 922 2525 BT
982 2491 1026 2525 :23
1052 2491 1190 2534 Daniel]
1219 2493 1257 2531 -ἱ-
1287 2490 1373 2524 abiit
1398 2491 1439 2524 K
1500 2490 1553 2523 fac

155 2548 201 2581 Tr
250 2547 294 2580 25
320 2545 440 2589 senex]
466 2557 519 2580 om
545 2546 615 2580 BT
659 2546 703 2579 26
729 2545 862 2588 coram]
886 2548 961 2579 tota
987 2544 1040 2579 K¹
1090 2545 1135 2579 30
1161 2544 1324 2578 obstrusa
1350 2542 1432 2577 ΒΤι

1381 2693 1415 2719 4*
