1834 2967
721 131 997 168 —Xvss

152 255 199 292 de
227 267 360 292 eorum
389 255 584 304 sepultura
612 259 648 292 et
676 266 908 304 reponamus
938 265 1026 291 eum
1055 253 1118 291 ibi.
1175 253 1260 300 Quo
1282 252 1394 302 dicto,
1422 253 1564 303 placuit

152 313 333 351 omnibus
363 344 370 350 .
394 344 401 351 .
425 343 433 350 .
463 313 597 350 fratres
626 313 794 350 tulerunt
823 325 911 350 ossa
941 343 948 350 .
971 342 979 349 .
1003 342 1010 349 .
1042 312 1173 349 domni
1194 311 1335 349 Placidi
1365 316 1401 350 et
1429 311 1562 350 domni

154 372 307 410 Martini
327 377 363 410 et
392 372 527 409 subtus
548 371 674 421 ipsum
703 370 992 420 campanarium
1013 370 1219 408 inhonesto
1248 371 1330 408 loco
1360 370 1562 409 inhoneste

152 430 396 469 collocarunt.
461 431 617 468 Factum
655 434 712 468 est
750 435 791 468 ut
828 428 897 479 ipsi
941 429 1055 467 ambo
1094 429 1234 478 pariter
1272 441 1338 478 per
1375 428 1560 467 visionem

152 495 379 540 apparerent
416 488 564 527 cuidam
604 487 746 526 Leoni
784 487 931 534 clerico,
972 488 1036 536 qui
1074 500 1138 525 eos
1176 488 1223 525 de
1261 500 1331 525 sua
1368 488 1562 537 sepultura

152 549 354 594 levaverat,
396 547 664 596 minantesque
705 546 738 585 ei
779 546 947 585 dicerent
991 578 998 585 .
1036 577 1043 584 .
1076 578 1083 585 .
1125 546 1404 585 monasterium
1447 560 1564 585 omne

153 608 410 646 destrueretur
452 611 489 644 et
530 611 569 644 tu
613 619 691 643 non
736 607 915 644 evaderes
959 606 1137 644 celestem
1176 604 1393 643 vindictam.
1450 605 1561 651 Quod

155 679 242 704 cum
271 665 555 715 expergefactus
576 665 853 702 tremebundus
883 669 1068 711 narraret,
1098 669 1282 714 ceperunt
1302 664 1416 702 etiam
1445 669 1480 702 et
1500 663 1561 702 alii

151 725 265 763 huius
293 723 364 762 loci
391 723 569 761 homines
598 723 722 762 dicere
761 723 897 762 similia
925 737 966 762 se
1004 737 1071 774 per
1099 723 1284 761 visionem
1322 722 1459 761 vidisse
1489 753 1498 761 .
1521 753 1528 761 .
1552 754 1559 761 .

151 784 286 822 timore
323 796 458 821 omnes
495 783 657 832 perculsi
686 813 694 821 .
726 814 734 821 .
766 814 774 822 .
806 782 975 832 initoque
1013 782 1171 821 consilio
1201 812 1209 820 .
1242 813 1249 820 .
1281 813 1289 820 .
1321 781 1565 831 reposuimus

152 856 218 881 eos
258 843 297 881 in
340 841 497 881 ecclesia
538 842 777 891 suffraganea
814 842 850 880 in
891 842 1142 880 fundamento
1183 838 1506 880 abside‘maioris
1541 854 1564 879 a

150 907 257 953 parte
286 901 455 940 meridiei
484 932 492 939 .
515 932 522 939 .
547 931 554 939 .
586 906 621 939 et
649 901 700 938 ibi
728 906 888 939 manent
917 914 1039 950 usque
1067 901 1106 938 in
1135 900 1366 939 hodiernum
1396 900 1508 938 diem.

256 961 470 1011 Prephatus
487 973 575 998 vero
590 961 756 998 domnus
773 960 984 998 Marinus
1004 960 1138 1007 abbas,
1167 973 1256 998 cum
1277 960 1403 998 adhuc
1423 959 1563 997 viveret

151 1026 188 1059 et
215 1033 357 1070 magna
386 1019 605 1058 infirmitate
633 1019 866 1058 cruciaretur
897 1050 903 1058 .
929 1051 966 1058 ..
998 1024 1034 1057 et
1064 1032 1132 1069 ego
1163 1024 1329 1057 astarem
1359 1031 1489 1056 coram
1518 1031 1562 1056 eo

151 1079 320 1118 serviens
361 1079 416 1126 ei,
464 1078 631 1129 precepit
672 1079 787 1117 michi
830 1084 1020 1128 quatenus
1063 1078 1372 1128 explanationem
1415 1077 1563 1116 Cantici

155 1139 400 1178 Canticorum
429 1139 550 1176 bone
579 1138 799 1176 memorie
828 1138 987 1176 domni
1016 1137 1250 1177 Bernardi
1271 1135 1562 1175 Claravallensis

153 1197 302 1236 abbatis
332 1198 372 1245 (†
397 1198 512 1246 1153)
542 1197 768 1245 scriberem;
799 1198 899 1246 quod
921 1197 1000 1236 Deo
1029 1202 1225 1236 annuente
1252 1197 1413 1235 festinus
1441 1196 1562 1234 adim-

153 1259 256 1308 plere
285 1256 415 1295 studui
446 1287 454 1295 .
477 1288 515 1295 ..
572 1257 629 1295 Eo
667 1269 755 1295 vero
794 1257 972 1295 defuncto
1015 1255 1198 1295 successit
1235 1257 1401 1294 domnus
1442 1255 1562 1293 Hen—

152 1317 284 1355 ricus
313 1316 444 1363 abbas,
476 1316 539 1365 qui
567 1316 733 1366 precepit
760 1316 898 1354 iterum
926 1316 1042 1354 michi
1076 1321 1118 1354 ut
1146 1316 1374 1366 prephatum
1408 1314 1563 1362 librum,

153 1389 269 1425 quesn
298 1377 464 1413 domnus
494 1375 664 1413 Marinus
705 1376 825 1414 abbas
854 1388 1052 1425 precessor
1081 1375 1160 1413 eius
1199 1375 1405 1425 inceperat,
1441 1387 1562 1423 usque

154 1436 202 1473 ad
244 1435 361 1473 finem
417 1434 618 1472 scribendo
660 1435 920 1484 perducerem.
1004 1435 1120 1473 Cuius
1163 1434 1269 1472 iussu
1313 1433 1565 1482 omniumque

152 1495 315 1532 fratrum
362 1493 639 1532 ammonitione
686 1498 798 1543 atque
844 1493 1080 1532 exortatione
1127 1493 1326 1544 sepissime
1372 1492 1563 1531 animatus

155 1553 360 1603 adimplere
387 1552 515 1591 curavi
544 1558 580 1590 et
609 1566 730 1602 usque
750 1553 797 1591 ad
827 1553 944 1591 finem
967 1584 974 1592 .
998 1584 1006 1592 .
1029 1585 1037 1592 .
1060 1553 1232 1603 perduxi,
1262 1565 1366 1590 anno
1395 1551 1563 1590 videlicet

157 1613 257 1650 1174
287 1611 346 1650 die
374 1611 497 1661 prima
525 1611 670 1650 mensis
699 1611 863 1661 Augusti
890 1612 1096 1651 indictione
1127 1612 1287 1662 septima
1318 1641 1324 1648 .
1349 1641 1357 1649 .
1380 1642 1387 1649 .

294 1671 430 1718 Queris
459 1671 565 1720 Opus
595 1671 711 1709 Cuius
739 1671 891 1710 Nomen
920 1671 1133 1710 Marinulus
1157 1671 1282 1709 Huius

294 1731 375 1768 Hec
404 1742 472 1779 ego
501 1729 674 1768 Marinus
704 1729 846 1780 Scripsi
876 1730 960 1769 Non
990 1731 1148 1769 Pectore
1177 1730 1324 1779 Pigrus.

294 1789 419 1828 Celica
446 1789 522 1827 Pro
553 1789 711 1840 Scriptis
740 1789 955 1828 Marinulus
982 1789 1156 1828 Postulat
1185 1789 1280 1827 Istis.

295 1848 453 1898 Scripsit
488 1848 678 1896 Hen[rici]
833 1862 976 1887 munus
1014 1849 1163 1887 Tribuit
1198 1848 1309 1895 Quod
1349 1847 1489 1885 Trinus
1527 1852 1564 1885 et

435 1908 556 1946 Vnus.

259 1967 369 2005 Diese
396 1967 555 2005 Notizen
594 1968 729 2006 stehen
768 1981 830 2006 am
874 1968 1019 2006 Schluss
1058 1968 1124 2005 der
1154 1966 1222 2004 Hs.
1253 1966 1333 2004 und
1371 1965 1561 2003 beweisen

154 2028 335 2073 dadurch,
379 2027 453 2065 dafa
483 2028 550 2065 das
587 2040 705 2076 ganze
734 2027 852 2065 Werk
895 2041 969 2065 von
1006 2026 1225 2064 demselben
1257 2024 1458 2063 Schreiber
1499 2038 1563 2062 an-

154 2089 275 2138 gelegt
316 2087 457 2124 wurde.
527 2087 583 2124 Im
625 2086 772 2136 Corpus
815 2088 881 2124 der
922 2086 990 2124 Hs.
1034 2086 1151 2124 selbst
1192 2085 1283 2123 aber
1323 2085 1390 2122 hat
1432 2097 1472 2122 er
1513 2098 1563 2122 an

154 2148 357 2185 mehreren
387 2145 530 2183 Stellen
559 2146 657 2183 auch
687 2146 786 2184 noch
816 2147 958 2184 andere
986 2145 1146 2183 Notizen
1174 2143 1440 2194 niedergelegt,
1478 2143 1563 2181 viel-

152 2207 266 2245 leicht
307 2217 393 2242 zum
423 2203 502 2241 Teil
544 2217 612 2242 aus
655 2205 827 2254 eigenem
866 2204 1035 2249 Wissen,
1076 2203 1148 2241 wie
1185 2203 1245 2241 bei
1282 2203 1348 2240 der
1375 2202 1461 2240 Vita
1497 2203 1564 2240 des

155 2264 415 2309 Constantius,
458 2264 549 2301 oder
590 2264 686 2301 auch
727 2277 796 2302 aus
838 2264 962 2302 seiner
1001 2262 1162 2312 Vorlage
1203 2262 1263 2300 fiir
1305 2261 1365 2300 die
1404 2261 1562 2310 librigen

154 2325 380 2374 Legenden3
423 2322 524 2361 diese
562 2322 719 2373 Vorlage
756 2336 836 2361 war
879 2323 969 2361 aber
998 2323 1101 2360 wohl
1140 2321 1199 2360 ein
1235 2321 1459 2371 Autograph
1497 2321 1566 2358 des

155 2384 382 2422 Verfassers.

261 2444 304 2480 In
333 2443 400 2479 der
428 2440 597 2479 Historia
625 2442 763 2491 duplex
793 2442 839 2479 de
867 2454 896 2480 s.
918 2440 1145 2480 Constantio
1173 2438 1268 2477 wird
1298 2438 1452 2485 erz'ahlt,
1492 2437 1565 2475 wie

156 2503 215 2540 die
244 2502 479 2551 Caprearum
509 2500 634 2539 insula
662 2514 780 2550 gegen
811 2501 870 2539 die
899 2501 1137 2539 Sarrazenen
1168 2500 1234 2538 des
1264 2497 1562 2548 tyrhennischen

156 2562 301 2599 Meeres
330 2560 685 2599 beschi'itztwurde.
724 2559 792 2598 Als
808 2560 1040 2599 Ortsnamen
1060 2560 1243 2597 kommen
1263 2571 1348 2596 vor:
1379 2555 1565 2601 Malitum,

156 2620 344 2670 Reginna,
387 2619 671 2669 Reginniculae,
710 2619 972 2667 Pausitanum,
1004 2618 1143 2665 Stauis,
1182 2617 1311 2664 Giron,
1349 2615 1408 2654 die
1436 2615 1563 2653 Inseln
