1834 2967
671 133 932 171 -31ῌ

98 258 207 296 finxit
245 259 291 296 de
330 258 411 307 ipso
450 270 558 304 auro,
597 257 726 295 dicens
765 255 902 294 nichil*
944 268 985 294 se
1023 255 1222 304 recepisse.
1283 256 1511 294 Theodorus

97 323 250 355 autem
280 317 479 355 considens
511 316 550 354 in
580 329 649 354 suo
678 314 952 365 antiphonitin,
982 314 1198 352 affirmabat
1228 317 1509 353 certissime

95 375 327 425 reicepisse*
356 375 584 413 Abramium
619 375 790 413 loculum
827 386 915 412 cum
956 386 1048 411 auro
1087 374 1185 423 quod
1222 375 1264 410 ei
1293 374 1650 412 direxeratwlssav

96 434 260 473 Multum
275 436 426 485 quidem
446 434 544 472 inter
564 446 605 472 se
624 436 666 471 in
685 433 943 471 sermonibus*
959 431 1198 477 altercantes,
1220 433 1277 469 acl
1295 433 1509 470 ultimum

95 495 196 532 dixit
226 493 453 531 Theodorus
481 494 687 530 Abramio:
726 491 869 529 Eamus
899 490 1014 528 simul
1043 491 1090 528 ad
1118 491 1258 536 locum⁷
1298 490 1362 528 ubi
1391 490 1506 528 michi
1565 492 1588 528 5

96 565 234 590 aurum
263 551 396 590 dedisti
426 556 514 589 ante
543 550 824 588 dominatorem
861 554 897 587 et
925 551 1172 587 mediatorem
1200 561 1344 593 meum,
1385 554 1421 586 et
1459 549 1509 587 ibi

96 611 136 649 in
165 615 371 661 conspectu
408 610 488 648 eius
527 609 585 647 dic
619 608 709 658 quia
745 622 824 646 non
863 607 1036 658 recepisti
1072 607 1240 645 loculum
1278 620 1366 645 cum
1403 608 1509 646 libris

97 670 179 708 auri
207 668 503 719 quinquaginta;
542 674 579 706 et
615 673 708 706 tunc
737 668 889 705 credam
928 667 1007 705 tibi.
1065 667 1147 704 Hec
1181 671 1311 704 autem
1348 666 1510 704 faciebat

96 729 315 775 Abramiusy
358 741 438 766 non
475 727 564 777 quia
601 727 755 765 uolebat
798 739 939 775 negare
968 725 1033 773 illi,
1075 726 1142 763 sed
1180 731 1222 764 ut
1263 730 1511 774 cognosceret

97 789 213 827 finem
242 787 307 826 rei.
369 788 445 826 Sed
473 787 576 825 Deus
606 786 849 836 omnipotens
878 798 945 836 per
975 786 1075 823 hanc
1104 783 1346 823 occasionem
1375 784 1509 823 direxit
1543 786 1590 822 10

97 852 278 896 utrosque
307 847 355 884 ad
384 846 546 884 salutem
576 844 794 883 animarum
823 857 994 882 suarum.
1318 839 1322 845 ’

204 905 411 944 Venientes
440 910 570 943 autern
598 903 739 954 pariter
760 904 807 941 ad
837 902 1098 953 supradictum
1119 904 1246 941 locum
1275 907 1364 941 ante
1393 902 1510 940 domi-

97 965 223 1003 nicam
253 964 483 1014 ymaginem,
513 969 554 1002 ut
582 963 677 1001 uidit
705 976 790 1001 eam
819 963 1060 1009 Theodorus⁷
1090 965 1252 1000 statim
1283 961 1443 1012 procidit
1471 960 1510 998 in

96 1024 230 1063 faciem
267 1037 377 1062 suam
415 1035 529 1073 super
566 1028 721 1069 terram,
759 1022 898 1072 gratias
936 1035 1050 1071 agens
1085 1022 1184 1060 Deo
1223 1026 1258 1059 et
1296 1020 1512 1071 glorificans

96 1097 260 1122 nomen
297 1084 483 1121 domini
520 1084 678 1120 nostri
714 1082 864 1119 Ihesu
906 1081 1103 1119 Christe?
1141 1081 1204 1129 qui
1243 1093 1331 1118 eum
1360 1081 1510 1118 saluum
1544 1080 1592 1117 lo

96 1143 234 1181 fecerat
263 1142 301 1180 in
331 1140 490 1180 marinis
519 1141 709 1179 fluctibus.
754 1140 851 1178 Cum
880 1145 1009 1178 autem
1030 1140 1257 1189 complesset
1285 1138 1511 1186 orationem,

96 1201 277 1252 expandit
304 1213 446 1239 manus
475 1213 564 1238 suas
593 1205 681 1238 ante
710 1198 943 1237 dominicam
974 1198 1191 1249 ymaginem
1221 1200 1366 1236 dicens:
1404 1197 1511 1235 Anti-

97 1260 274 1311 phonitin
295 1273 417 1307 meus,
447 1258 582 1297 dedisti
602 1259 786 1297 Abramio
815 1259 918 1308 quod
949 1257 1017 1296 tibi
1037 1257 1308 1296 commendaui
1336 1271 1385 1295 an
1407 1261 1511 1295 non‘?

97 1320 157 1358 Ad
194 1320 296 1358 hanc
338 1321 457 1357 enim
501 1331 637 1356 uocem
678 1318 806 1356 statim
847 1317 943 1355 uidit
985 1317 1193 1355 Abramius
1237 1315 1343 1366 quasi
1386 1316 1511 1365 fulgur

98 1379 253 1429 igneum
282 1378 405 1417 exisse
434 1391 479 1416 ex
509 1379 775 1416 sacrosancta*
811 1377 874 1415 illa
903 1376 1081 1426 ymagine
1109 1375 1264 1414 Domini
1293 1380 1330 1414 et
1357 1375 1510 1413 uenisse
1541 1374 1593 1411 ΩΟ

99 1452 213 1488 super
232 1451 284 1476 se.
327 1436 400 1485 Qui
423 1438 562 1476 cadens
582 1436 621 1474 in
643 1442 798 1482 terram,
818 1436 964 1474 iacebat
982 1435 1089 1485 quasi
1108 1441 1296 1474 mortuus.
1335 1435 1510 1473 Afferens

98 1503 226 1535 autem
266 1497 493 1535 Theodorus
534 1509 674 1545 aquam
712 1495 894 1545 respersit
933 1495 971 1532 in
1008 1494 1142 1533 faciem
1180 1494 1261 1532 eius
1300 1499 1336 1532 et
1373 1500 1510 1532 tenens

98 1569 259 1594 manum
288 1555 368 1594 eius
397 1555 561 1594 eleuauit
581 1567 670 1593 eum
690 1568 712 1592 a
736 1559 847 1592 terra.
905 1553 1013 1604 Cepit
1041 1559 1169 1592 autem
1190 1553 1396 1591 Abramius
1417 1565 1512 1590 uoce

98 1629 240 1665 magna
269 1616 433 1654 clamare
462 1619 499 1653 et
527 1614 668 1652 dicere:
698 1614 861 1663 Magnus
891 1618 948 1652 est
977 1614 1080 1651 Deus
1109 1612 1426 1657 christianorum3
1471 1616 1510 1649 tu

99 1688 139 1712 es
168 1675 270 1713 Deus
300 1673 364 1723 qui
392 1673 484 1712 facis
502 1671 691 1711 mirabilia
719 1674 864 1711 solus.
910 1671 1011 1710 Viuit
1031 1671 1210 1710 dominus
1231 1677 1267 1709 et
1286 1670 1509 1714 benedictus

99 1734 214 1782 Deus,
245 1733 308 1783 qui
336 1733 454 1771 michi
482 1732 622 1770 misero
651 1732 828 1781 dignatus
858 1737 915 1770 est
945 1732 1146 1770 ostendere
1178 1736 1284 1769 tanta
1314 1729 1514 1774 mirabilia,

101 1793 187 1842 quia
227 1805 307 1830 non
348 1792 512 1830 introibo
547 1791 586 1829 in
626 1791 784 1829 domum
821 1803 962 1837 meam,
1005 1789 1078 1828 nisi
1122 1789 1225 1840 prius
1263 1791 1346 1827 me*
1375 1788 1513 1827 faciam

101 1851 365 1890 christianum.

207 1912 326 1949 Fama
354 1916 481 1949 autem
518 1909 634 1948 huius
663 1909 837 1947 miraculi
874 1921 954 1946 non
984 1907 1105 1958 potuit
1142 1908 1270 1954 latere,
1309 1908 1375 1945 sed
1415 1920 1514 1945 con-

102 1972 237 2008 tinuo
266 1983 332 2019 per
361 1974 481 2007 totam
519 1970 654 2007 urbem
693 1968 933 2017 diuulgatum
979 1972 1036 2005 est
1078 1971 1114 2005 et
1157 1979 1279 2015 usque
1315 1967 1363 2005 ad
1401 1978 1512 2004 aures
1542 1964 1595 2001 30

102 2027 261 2079 piissimi
290 2027 528 2078 imperatoris
548 2027 718 2066 Heraclii
747 2027 932 2077 peruenit.
978 2026 1051 2072 Qui
1072 2025 1200 2064 statim
1229 2025 1403 2064 accersiri
1423 2027 1515 2074 fecit

101 2087 331 2125 Abramium
359 2088 578 2125 videlicet
607 2091 643 2124 et
672 2086 920 2124 Theodorum
951 2090 987 2123 et
1008 2085 1205 2134 diligenter
1234 2084 1361 2123 didicit
1389 2085 1437 2123 ab
1460 2084 1514 2122 eis

103 2145 235 2184 omnia
263 2159 336 2195 que
368 2146 467 2184 dicta
505 2158 654 2194 queque
683 2145 855 2183 fuerant*
897 2149 993 2182 acta.
1050 2144 1081 2181 T
1085 2156 1161 2182 unc
1188 2143 1416 2193 imperator&
1445 2143 1513 2182 ait:

104 2207 267 2255 Magnus
296 2211 366 2243 est
394 2205 496 2243 Deus
526 2204 823 2243 christianorum
863 2203 926 2253 qui
955 2215 1034 2241 non
1073 2203 1154 2241 uult
1192 2208 1356 2241 mortem
1386 2216 1514 2253 pecca-

103 2271 239 2311 torum,
276 2265 342 2302 sed
372 2269 413 2302 ut
442 2268 716 2302 conuertantur
753 2268 789 2301 et
817 2262 962 2301 uiuant.
1020 2263 1130 2300 Tunc
1169 2262 1335 2312 precepit
1368 2263 1415 2300 ad
1451 2263 1515 2300 sei*
1543 2258 1593 2295 35

104 2323 233 2362 uocari
254 2323 460 2361 Proculum
491 2322 817 2372 archiepiscopum
847 2321 1317 2371 constantinopolitanum
1346 2326 1382 2359 et
1406 2321 1515 2359 iussit

1540 1669 1593 1706 Ιςῇ

212 2472 233 2504 3
247 2470 447 2504 abramium
467 2470 503 2503 2³
538 2470 584 2504 ⁶20
601 2470 726 2513 igneus
743 2470 780 2503 1a
813 2473 954 2504 uenisse
972 2471 1028 2515 ‘213
1046 2470 1169 2504 uenire
1190 2471 1227 2503 1³
1248 2470 1288 2511 (2³)
1327 2469 1372 2503 34
1388 2468 1466 2502 uult
1480 2469 1516 2502 :25

107 2524 150 2558 35
177 2523 302 2558 uiuant
328 2524 366 2557 Qr
