1834 2967
689 137 739 140 —
793 115 894 153 XVII
950 137 996 143 —

132 253 202 290 pro
232 253 275 277 ea
304 253 419 289 quarn
452 239 631 278 Saraceni
671 239 918 277 abstulerant.
975 240 1011 277 3.
1041 239 1095 277 De
1131 239 1286 288 captivis
1322 245 1544 278 catenarum

133 311 235 336 nexu
266 299 410 338 solutis.
468 300 503 337 4.
534 299 588 336 De
607 298 733 336 insula
761 302 895 336 contra
915 297 1128 336 Saracenos
1155 303 1323 348 protecta
1343 311 1445 336 anno
1467 301 1538 337 991

130 357 359 407 (piratarum
388 359 465 396 dux
494 357 702 407 adpellatur
731 356 906 402 Boalim).

239 417 351 454 Dann
381 416 476 454 wird
505 416 605 454 noch
635 415 792 460 erzithlty
822 415 896 453 da&
926 414 1174 453 Constantius
1204 414 1308 453 seine
1336 415 1543 466 Lieblings-

132 476 284 513 schtiler
331 475 485 525 Sergius
527 475 607 512 und
650 473 834 522 Georgius
877 474 1002 511 neben
1044 473 1124 512 sich
1168 474 1360 523 begraben
1403 475 1541 513 wissen

131 535 270 572 wollte.
328 534 398 572 Ein
429 534 719 572 Beneventaner
757 533 846 570 kam
883 533 1023 582 jedoch
1061 533 1161 571 nach
1200 533 1325 583 Capri,
1365 546 1430 571 um
1470 535 1542 572 den

130 593 223 631 Leib
253 595 319 631 des
347 592 510 642 heiligen
540 591 790 629 Constantius
819 590 999 629 heimlich
1029 592 1130 630 nach
1159 592 1354 630 Benevent
1381 592 1542 642 bringen

132 665 178 690 zu
205 652 371 748 laliseiiikr
413 710 505 748 fehlt
547 711 614 748 der
647 709 806 755 samua,
850 710 896 747 da
939 709 978 746 in
1021 710 1088 747 der
1127 709 1196 748 Hs.
1232 710 1331 748 nach
1374 710 1435 748 fol.
1471 711 1542 748 156

129 770 307 808 mehrere
335 769 638 816 Quaternionen⁷
670 768 741 807 wie
770 782 810 807 es
831 768 980 806 scheint
1001 768 1045 815 O,
1075 769 1118 815 P,
1139 768 1171 815 Q
1201 769 1423 818 abgerissen
1445 768 1541 807 sind.

132 829 219 867 Dies
238 829 286 867 ist
315 842 382 866 um
402 841 444 867 so
465 829 576 866 mehr
596 841 641 866 zu
661 828 869 874 bedauern,
900 827 985 865 weil
1004 828 1107 865 wohl
1127 828 1225 866 auch
1247 827 1305 866 die
1324 827 1543 878 Einleitung

130 901 173 926 zu
204 889 270 926 der
298 888 501 938 folgenden
522 886 956 938 Antiphonetislegende
985 887 1152 924 manche
1180 887 1434 925 interessante
1452 887 1542 925 Auf-

128 948 291 996 klttrung
305 947 400 985 fiber
420 946 502 984 ihre
516 946 708 985 Herkunft
730 946 926 984 enthalten
947 945 1024 989 hat,
1045 946 1118 984 wie
1138 946 1204 984 der
1223 947 1324 985 noch
1347 946 1543 984 erhaltene

130 1006 355 1044 Schlusssatz
384 1006 624 1044 anzudeuten
655 1005 815 1043 scheint.

235 1065 318 1102 Von
349 1078 444 1114 ganz
474 1065 707 1102 besonderer
737 1064 962 1113 Bedeutung
990 1063 1038 1101 ist
1066 1064 1156 1102 aber
1192 1063 1251 1102 die
1278 1063 1466 1102 Nummer
1496 1065 1542 1102 de

128 1137 159 1162 s.
190 1124 398 1162 Nicolao.
454 1123 589 1173 Incipit
618 1124 798 1173 prologus
828 1124 874 1160 de
905 1122 1010 1160 obitu
1039 1122 1138 1161 beati
1166 1123 1310 1161 Nicolai
1339 1123 1542 1173 archiepis-

130 1183 225 1233 copi.
269 1182 421 1232 Legitur
442 1182 502 1221 die
530 1181 777 1232 depositionis
806 1183 898 1221 eius.
943 1181 1135 1229 Quoniam
1157 1182 1322 1231 quidem,
1350 1181 1541 1220 karissimi

129 1242 277 1288 fratres,
308 1243 409 1280 bone
428 1242 613 1280 memorie
633 1242 872 1280 Johannes
902 1241 1220 1280 subdiaconus
1251 1247 1411 1280 sancte
1431 1242 1541 1280 Par-

128 1301 442 1351 thenopensis
472 1300 676 1339 ecclesie
705 1302 775 1348 (ca.
799 1299 1024 1350 870—930)
1055 1300 1118 1350 qui
1138 1301 1254 1339 vitam
1274 1301 1395 1339 sancti
1424 1301 1540 1351 patris

128 1360 273 1398 Nicolai
302 1361 571 1410 interpretatus
601 1358 690 1407 est1‚
727 1360 945 1398 manifestat
974 1373 1052 1398 non
1095 1373 1136 1398 se
1164 1359 1333 1410 potuisse
1370 1360 1542 1399 invenire

129 1419 276 1457 obitum
305 1419 398 1465 eius,
427 1424 627 1470 propterea
655 1418 934 1457 intermisisset.
991 1420 1035 1457 Et
1065 1432 1144 1457 non
1173 1425 1231 1458 est
1258 1419 1412 1467 mirumy
1453 1432 1539 1458 curn

128 1477 165 1516 in
211 1478 314 1516 Italia
356 1478 626 1528 interpretatus
669 1483 782 1516 esset.
839 1478 950 1516 Vnde
992 1491 1062 1527 ego
1102 1477 1259 1516 infimus
1299 1478 1539 1516 <Iohannes

129 1537 364 1587 presbiter
394 1542 438 1576 et
467 1537 745 1584 monachus,
784 1550 871 1575 cum
901 1537 940 1575 in
971 1538 1066 1576 urbe
1095 1537 1540 1588 Constantinopoli-

129 1602 235 1635 tana
263 1609 473 1643 manerem,
502 1597 624 1635 sancti
652 1596 770 1647 patris
801 1598 937 1635 ductus
966 1609 1097 1635 amore
1126 1596 1270 1645 quesivi
1291 1601 1327 1634 et
1355 1596 1483 1634 inveni
1504 1602 1539 1634 et

128 1669 206 1694 non
236 1655 276 1694 in
306 1655 634 1705 qualibuscunque
673 1655 839 1702 scidulis,
879 1656 1012 1694 sedin
1049 1655 1213 1694 archivis
1252 1660 1288 1693 et
1327 1655 1538 1694 emendatis

128 1715 332 1754 codicibus.
389 1715 435 1753 Et
464 1716 677 1753 secundum
718 1715 942 1753 tenuitatem
984 1728 1121 1753 sensus
1156 1714 1228 1752 mei
1269 1711 1539 1764 interpretatus

127 1787 215 1813 sum
243 1779 284 1813 ut
302 1772 442 1825 potui.2

233 1835 296 1872 An
326 1835 399 1872 den
420 1833 571 1872 Bericht
600 1835 695 1872 siber
724 1834 797 1871 den
819 1833 999 1883 Hingang
1028 1834 1093 1871 des
1122 1833 1173 1871 hl.
1195 1832 1377 1871 Nikolaus
1406 1833 1536 1871 reihen

129 1892 209 1931 sich
240 1893 318 1930 drei
347 1893 542 1931 Wunder:
577 1894 609 1932 1.
640 1893 694 1931 De
723 1893 886 1931 demone
915 1893 986 1930 sub
1016 1891 1156 1930 semine
1185 1891 1308 1941 specie
1336 1891 1462 1930 oleum
1492 1893 1538 1931 ad

125 1951 273 1990 Nicolai
301 1952 518 2002 sepulcrum
547 1965 614 2001 per
642 1952 787 1990 Nautas
817 1952 1001 1989 mittente.
1060 1952 1095 1989 2.
1126 1952 1180 1988 De
1207 1951 1354 2000 liquore
1382 1964 1429 1989 ex
1458 1950 1538 1989 eius

129 2010 303 2060 sepulcro
332 2024 410 2048 non
440 2011 603 2060 amplius
632 2016 826 2056 manante,
857 2012 949 2048 dum
979 2010 1222 2060 Magnentius
1259 2009 1413 2059 quidam
1442 2010 1538 2060 epis-

129 2082 268 2119 copum
296 2069 513 2118 Myrensem
543 2070 631 2107 sede
667 2083 736 2107 sua
764 2070 1004 2119 propulisset.
1062 2071 1097 2107 3.
1129 2069 1183 2106 De
1221 2081 1339 2119 puero
1377 2083 1399 2107 a
1429 2069 1539 2107 Sara-

128 2128 233 2166 cenis
261 2134 370 2178 capto
400 2128 622 2178 parentibus
652 2129 730 2166 suis
760 2129 944 2167 restituto.

252 2287 262 2306 ¹
289 2288 338 2321 Cf.
366 2288 469 2328 Mai,
505 2288 731 2331 Spicilegium
758 2288 964 2322 Romanum
995 2288 1092 2329 1840,
1120 2288 1174 2327 IV,
1202 2289 1270 2322 323
1282 2300 1339 2329 ss.‚
1375 2300 1428 2322 wo
1455 2299 1537 2322 zum

129 2341 320 2375 erstenrnal
346 2341 411 2374 auf
433 2341 512 2374 eine
532 2341 609 2375 Vita
636 2353 662 2374 s.
677 2341 825 2384 Nicolai,
851 2341 991 2375 versasst
1017 2341 1128 2375 durch
1147 2342 1328 2375 Johannes
1346 2342 1536 2383 Diaconus,

128 2394 369 2437 hingewiesen
397 2394 495 2428 wird.

250 2446 263 2466 ²
290 2447 340 2481 Cf.
369 2447 452 2481 Cod.
468 2447 526 2481 lat.
548 2447 668 2481 vallic.
687 2448 791 2481 Rom.
811 2447 835 2488 I,
855 2458 944 2481 saec.
964 2447 1039 2488 XlI,
1064 2448 1123 2481 fol.
1143 2449 1314 2482 Ql—QIV.
1343 2459 1396 2481 wo
1423 2447 1538 2482 dieser

129 2500 258 2543 Prolog
272 2501 376 2535 nebst
388 2501 467 2534 Vita
481 2511 550 2534 von
566 2501 707 2534 zweiter
722 2500 825 2534 Hand
842 2501 1105 2544 nachgetragen
1124 2501 1184 2541 ist;
1204 2502 1246 2536 cf.
1260 2501 1339 2534 Alb.
1358 2501 1536 2540 Poucelet,

129 2554 319 2595 Catalogus
357 2554 527 2588 Codicum
565 2554 666 2596 hagg.
703 2554 897 2588 latinorum
940 2554 1242 2588 Bibliothecarum
1278 2552 1536 2596 Romanarum,

130 2607 237 2640 Brux.
268 2608 367 2650 1909,
394 2608 472 2641 290.

200 2677 384 2709 sammlung
402 2677 709 2704 mittellateinischer
727 2678 831 2704 Texte.
872 2679 894 2704 7.
1367 2677 1396 2704 ΙΙ
