<?xml version="1.0" encoding="UTF-8"?>
<!DOCTYPE html PUBLIC "-//W3C//DTD XHTML 1.0 Transitional//EN"
    "http://www.w3.org/TR/xhtml1/DTD/xhtml1-transitional.dtd">
<html xmlns="http://www.w3.org/1999/xhtml" xml:lang="en" lang="en">
 <head>
  <title>
</title>
<meta http-equiv="Content-Type" content="text/html;charset=utf-8" />
  <meta name='ocr-system' content='tesseract 3.04.00' />
  <meta name='ocr-capabilities' content='ocr_page ocr_carea ocr_par ocr_line ocrx_word'/>
</head>
<body>
  <div class='ocr_page' id='page_1' title='image "./liberdemiraculis00joanuoft_0051.png"; bbox 0 0 1834 2967; ppageno 0'>
   <div class='ocr_carea' id='block_1_1' title="bbox 794 122 838 133">
    <p class='ocr_par' dir='ltr' id='par_1_1' title="bbox 794 122 838 133">
     <span class='ocr_line' id='line_1_1' title="bbox 794 122 838 133; baseline 0 0"><span class='ocrx_word' id='word_1_1' title='bbox 794 122 838 133; x_wconf 66' lang='lat' dir='ltr'>ar·-</span> 
     </span>
    </p>
   </div>
   <div class='ocr_carea' id='block_1_2' title="bbox 108 244 1535 1835">
    <p class='ocr_par' dir='ltr' id='par_1_2' title="bbox 110 244 1521 356">
     <span class='ocr_line' id='line_1_2' title="bbox 110 244 1521 296; baseline -0.002 -10"><span class='ocrx_word' id='word_1_2' title='bbox 110 248 260 286; x_wconf 85' lang='lat' dir='ltr'>fortem.</span> <span class='ocrx_word' id='word_1_3' title='bbox 317 245 472 296; x_wconf 87' lang='lat' dir='ltr'>Recipio</span> <span class='ocrx_word' id='word_1_4' title='bbox 501 258 590 283; x_wconf 89' lang='lat' dir='ltr'>eum</span> <span class='ocrx_word' id='word_1_5' title='bbox 619 258 687 295; x_wconf 91' lang='lat' dir='ltr'>pro</span> <span class='ocrx_word' id='word_1_6' title='bbox 716 250 780 283; x_wconf 87' lang='lat' dir='ltr'>tua</span> <span class='ocrx_word' id='word_1_7' title='bbox 800 244 1019 295; x_wconf 77' lang='lat' dir='ltr'>sponsione.</span> <span class='ocrx_word' id='word_1_8' title='bbox 1076 244 1171 282; x_wconf 81' lang='lat' dir='ltr'>Veni</span> <span class='ocrx_word' id='word_1_9' title='bbox 1201 258 1304 284; x_wconf 84' lang='lat' dir='ltr'>nunc</span> <span class='ocrx_word' id='word_1_10' title='bbox 1329 251 1365 284; x_wconf 90' lang='lat' dir='ltr'>et</span> <span class='ocrx_word' id='word_1_11' title='bbox 1394 245 1521 295; x_wconf 89' lang='lat' dir='ltr'>accipe</span> 
     </span>
     <span class='ocr_line' id='line_1_3' title="bbox 114 305 513 356; baseline -0.003 -11"><span class='ocrx_word' id='word_1_12' title='bbox 114 311 301 356; x_wconf 86' lang='lat' dir='ltr'>quantum</span> <span class='ocrx_word' id='word_1_13' title='bbox 332 305 513 344; x_wconf 88' lang='lat' dir='ltr'>uolueris.</span> 
     </span>
    </p>

    <p class='ocr_par' dir='ltr' id='par_1_3' title="bbox 108 361 1528 937">
     <span class='ocr_line' id='line_1_4' title="bbox 219 361 1520 403; baseline -0.002 1"><span class='ocrx_word' id='word_1_14' title='bbox 219 366 265 403; x_wconf 87' lang='lat' dir='ltr'>Et</span> <span class='ocrx_word' id='word_1_15' title='bbox 312 377 490 403; x_wconf 88' lang='lat' dir='ltr'>reuersus</span> <span class='ocrx_word' id='word_1_16' title='bbox 540 364 578 402; x_wconf 87' lang='lat' dir='ltr'>in</span> <span class='ocrx_word' id='word_1_17' title='bbox 620 364 777 401; x_wconf 89' lang='lat' dir='ltr'>domum</span> <span class='ocrx_word' id='word_1_18' title='bbox 820 375 928 401; x_wconf 88' lang='lat' dir='ltr'>suam</span> <span class='ocrx_word' id='word_1_19' title='bbox 972 361 1178 400; x_wconf 89' lang='lat' dir='ltr'>Abramius</span> <span class='ocrx_word' id='word_1_20' title='bbox 1217 362 1265 400; x_wconf 86' lang='lat' dir='ltr'>ait</span> <span class='ocrx_word' id='word_1_21' title='bbox 1300 363 1520 401; x_wconf 89' lang='lat' dir='ltr'>Theodoro:</span> 
     </span>
     <span class='ocr_line' id='line_1_5' title="bbox 108 421 1522 472; baseline -0.002 -9"><span class='ocrx_word' id='word_1_22' title='bbox 108 425 311 472; x_wconf 86' lang='lat' dir='ltr'>Quantum</span> <span class='ocrx_word' id='word_1_23' title='bbox 334 425 453 462; x_wconf 39' lang='lat' dir='ltr'>voles&amp;</span> <span class='ocrx_word' id='word_1_24' title='bbox 473 436 612 462; x_wconf 86' lang='lat' dir='ltr'>aurum</span> <span class='ocrx_word' id='word_1_25' title='bbox 641 427 676 460; x_wconf 89' lang='lat' dir='ltr'>et</span> <span class='ocrx_word' id='word_1_26' title='bbox 706 421 795 471; x_wconf 91' lang='lat' dir='ltr'>quid</span> <span class='ocrx_word' id='word_1_27' title='bbox 824 423 1002 459; x_wconf 80' lang='lat' dir='ltr'>necesse*</span> <span class='ocrx_word' id='word_1_28' title='bbox 1020 421 1141 459; x_wconf 88' lang='lat' dir='ltr'>habes</span> <span class='ocrx_word' id='word_1_29' title='bbox 1170 421 1209 458; x_wconf 89' lang='lat' dir='ltr'>in</span> <span class='ocrx_word' id='word_1_30' title='bbox 1240 435 1371 460; x_wconf 75' lang='lat' dir='ltr'>nauem</span> <span class='ocrx_word' id='word_1_31' title='bbox 1393 426 1522 460; x_wconf 82' lang='lat' dir='ltr'>tuam?</span> 
     </span>
     <span class='ocr_line' id='line_1_6' title="bbox 114 479 1522 531; baseline -0.002 -9"><span class='ocrx_word' id='word_1_32' title='bbox 114 484 184 522; x_wconf 91' lang='lat' dir='ltr'>Cui</span> <span class='ocrx_word' id='word_1_33' title='bbox 214 483 443 522; x_wconf 85' lang='lat' dir='ltr'>Theodorus</span> <span class='ocrx_word' id='word_1_34' title='bbox 472 480 684 531; x_wconf 82' lang='lat' dir='ltr'>respondit:</span> <span class='ocrx_word' id='word_1_35' title='bbox 715 479 1001 529; x_wconf 79' lang='lat' dir='ltr'>Quinquaginta</span> <span class='ocrx_word' id='word_1_36' title='bbox 1029 479 1124 518; x_wconf 84' lang='lat' dir='ltr'>libre</span> <span class='ocrx_word' id='word_1_37' title='bbox 1152 480 1233 518; x_wconf 85' lang='lat' dir='ltr'>auri</span> <span class='ocrx_word' id='word_1_38' title='bbox 1263 481 1456 519; x_wconf 87' lang='lat' dir='ltr'>sufficiunt</span> <span class='ocrx_word' id='word_1_39' title='bbox 1476 482 1522 519; x_wconf 87' lang='lat' dir='ltr'>ad</span> 
     </span>
     <span class='ocr_line' id='line_1_7' title="bbox 113 538 1524 582; baseline -0.003 0"><span class='ocrx_word' id='word_1_40' title='bbox 113 557 250 582; x_wconf 86' lang='lat' dir='ltr'>omnes</span> <span class='ocrx_word' id='word_1_41' title='bbox 279 541 477 580; x_wconf 78' lang='lat' dir='ltr'>lzentliicas</span> <span class='ocrx_word' id='word_1_42' title='bbox 506 539 640 579; x_wconf 82' lang='lat' dir='ltr'>nauis*</span> <span class='ocrx_word' id='word_1_43' title='bbox 667 552 764 578; x_wconf 91' lang='lat' dir='ltr'>mee.</span> <span class='ocrx_word' id='word_1_44' title='bbox 806 539 851 577; x_wconf 91' lang='lat' dir='ltr'>Et</span> <span class='ocrx_word' id='word_1_45' title='bbox 880 539 1043 577; x_wconf 84' lang='lat' dir='ltr'>afferens</span> <span class='ocrx_word' id='word_1_46' title='bbox 1071 538 1278 577; x_wconf 87' lang='lat' dir='ltr'>Abramius</span> <span class='ocrx_word' id='word_1_47' title='bbox 1308 543 1524 578; x_wconf 74' lang='lat' dir='ltr'>nuneerauz&#39;t</span> 
     </span>
     <span class='ocr_line' id='line_1_8' title="bbox 112 597 1526 651; baseline -0.004 -10"><span class='ocrx_word' id='word_1_48' title='bbox 112 603 230 642; x_wconf 88' lang='lat' dir='ltr'>libras</span> <span class='ocrx_word' id='word_1_49' title='bbox 261 600 540 651; x_wconf 80' lang='lat' dir='ltr'>quinquaginta</span> <span class='ocrx_word' id='word_1_50' title='bbox 569 604 605 637; x_wconf 89' lang='lat' dir='ltr'>et</span> <span class='ocrx_word' id='word_1_51' title='bbox 632 599 836 649; x_wconf 90' lang='lat' dir='ltr'>imponens</span> <span class='ocrx_word' id='word_1_52' title='bbox 857 611 921 637; x_wconf 86' lang='lat' dir='ltr'>eas</span> <span class='ocrx_word' id='word_1_53' title='bbox 949 597 989 636; x_wconf 93' lang='lat' dir='ltr'>in</span> <span class='ocrx_word' id='word_1_54' title='bbox 1018 598 1193 637; x_wconf 82' lang='lat' dir='ltr'>humeris</span> <span class='ocrx_word' id='word_1_55' title='bbox 1212 600 1377 637; x_wconf 85' lang='lat' dir='ltr'>duorum</span> <span class='ocrx_word' id='word_1_56' title='bbox 1405 599 1526 637; x_wconf 86' lang='lat' dir='ltr'>famu-</span> 
     </span>
     <span class='ocr_line' id='line_1_9' title="bbox 113 656 1525 708; baseline -0.004 -7"><span class='ocrx_word' id='word_1_57' title='bbox 113 663 238 701; x_wconf 88' lang='lat' dir='ltr'>lorum</span> <span class='ocrx_word' id='word_1_58' title='bbox 267 673 425 699; x_wconf 88' lang='lat' dir='ltr'>suorum</span> <span class='ocrx_word' id='word_1_59' title='bbox 457 665 500 697; x_wconf 80' lang='lat' dir='ltr'>et</span> <span class='ocrx_word' id='word_1_60' title='bbox 528 662 719 696; x_wconf 88' lang='lat' dir='ltr'>uenerunt</span> <span class='ocrx_word' id='word_1_61' title='bbox 746 656 887 708; x_wconf 85' lang='lat' dir='ltr'>pariter</span> <span class='ocrx_word' id='word_1_62' title='bbox 915 659 967 695; x_wconf 81' lang='lat' dir='ltr'>ad</span> <span class='ocrx_word' id='word_1_63' title='bbox 1002 657 1130 696; x_wconf 88' lang='lat' dir='ltr'>locum</span> <span class='ocrx_word' id='word_1_64' title='bbox 1168 662 1331 706; x_wconf 88' lang='lat' dir='ltr'>quatuor</span> <span class='ocrx_word' id='word_1_65' title='bbox 1359 657 1525 707; x_wconf 86' lang='lat' dir='ltr'>colump-</span> 
     </span>
     <span class='ocr_line' id='line_1_10' title="bbox 114 716 1526 767; baseline -0.004 -8"><span class='ocrx_word' id='word_1_66' title='bbox 114 734 255 760; x_wconf 86' lang='lat' dir='ltr'>narum</span> <span class='ocrx_word' id='word_1_67' title='bbox 276 725 311 757; x_wconf 88' lang='lat' dir='ltr'>et</span> <span class='ocrx_word' id='word_1_68' title='bbox 332 717 484 757; x_wconf 85' lang='lat' dir='ltr'>tradidit</span> <span class='ocrx_word' id='word_1_69' title='bbox 504 731 568 756; x_wconf 77' lang='lat' dir='ltr'>eas</span> <span class='ocrx_word' id='word_1_70' title='bbox 586 716 625 755; x_wconf 92' lang='lat' dir='ltr'>in</span> <span class='ocrx_word' id='word_1_71' title='bbox 646 730 786 755; x_wconf 70' lang='lat' dir='ltr'>manus</span> <span class='ocrx_word' id='word_1_72' title='bbox 799 716 1004 755; x_wconf 83' lang='lat' dir='ltr'>Theodori.</span> <span class='ocrx_word' id='word_1_73' title='bbox 1047 717 1131 767; x_wconf 89' lang='lat' dir='ltr'>Ipse</span> <span class='ocrx_word' id='word_1_74' title='bbox 1151 722 1280 755; x_wconf 87' lang='lat' dir='ltr'>autem</span> <span class='ocrx_word' id='word_1_75' title='bbox 1300 717 1526 755; x_wconf 84' lang='lat' dir='ltr'>Theodorus</span> 
     </span>
     <span class='ocr_line' id='line_1_11' title="bbox 112 775 1525 828; baseline -0.004 -10"><span class='ocrx_word' id='word_1_76' title='bbox 112 793 204 819; x_wconf 58' lang='lat' dir='ltr'>&gt;cum</span> <span class='ocrx_word' id='word_1_77' title='bbox 235 777 456 828; x_wconf 81' lang='lat' dir='ltr'>accepisset,</span> <span class='ocrx_word' id='word_1_78' title='bbox 487 776 590 815; x_wconf 89' lang='lat' dir='ltr'>dedit</span> <span class='ocrx_word' id='word_1_79' title='bbox 618 776 720 814; x_wconf 84' lang='lat' dir='ltr'>illam</span> <span class='ocrx_word' id='word_1_80' title='bbox 749 778 1045 814; x_wconf 76' lang='lat' dir='ltr'>sacratissimam</span> <span class='ocrx_word' id='word_1_81' title='bbox 1084 775 1229 814; x_wconf 88' lang='lat' dir='ltr'>domini</span> <span class='ocrx_word' id='word_1_82' title='bbox 1263 776 1384 814; x_wconf 84' lang='lat' dir='ltr'>nostri</span> <span class='ocrx_word' id='word_1_83' title='bbox 1411 776 1525 814; x_wconf 90' lang='lat' dir='ltr'>Ihesu</span> 
     </span>
     <span class='ocr_line' id='line_1_12' title="bbox 117 834 1528 886; baseline -0.004 -9"><span class='ocrx_word' id='word_1_84' title='bbox 117 838 302 878; x_wconf 61' lang='lat' dir='ltr'>Christiss*</span> <span class='ocrx_word' id='word_1_85' title='bbox 330 835 549 886; x_wconf 83' lang='lat' dir='ltr'>ymaginem</span> <span class='ocrx_word' id='word_1_86' title='bbox 578 848 647 886; x_wconf 90' lang='lat' dir='ltr'>pro</span> <span class='ocrx_word' id='word_1_87' title='bbox 676 834 952 885; x_wconf 76' lang='lat' dir='ltr'>antiphonitin3</span> <span class='ocrx_word' id='word_1_88' title='bbox 991 840 1027 873; x_wconf 91' lang='lat' dir='ltr'>et</span> <span class='ocrx_word' id='word_1_89' title='bbox 1055 835 1230 873; x_wconf 87' lang='lat' dir='ltr'>abierunt</span> <span class='ocrx_word' id='word_1_90' title='bbox 1265 834 1528 884; x_wconf 79' lang='lat' dir='ltr'>unusquisque</span> 
     </span>
     <span class='ocr_line' id='line_1_13' title="bbox 116 899 478 937; baseline -0.008 0"><span class='ocrx_word' id='word_1_91' title='bbox 116 899 156 937; x_wconf 87' lang='lat' dir='ltr'>in</span> <span class='ocrx_word' id='word_1_92' title='bbox 184 899 336 935; x_wconf 77' lang='lat' dir='ltr'>domum</span> <span class='ocrx_word' id='word_1_93' title='bbox 360 909 478 934; x_wconf 83' lang='lat' dir='ltr'>suam.</span> 
     </span>
    </p>

    <p class='ocr_par' dir='ltr' id='par_1_4' title="bbox 115 953 1534 1537">
     <span class='ocr_line' id='line_1_14' title="bbox 224 953 1528 1004; baseline -0.002 -10"><span class='ocrx_word' id='word_1_94' title='bbox 224 956 451 994; x_wconf 77' lang='lat' dir='ltr'>Theodorus</span> <span class='ocrx_word' id='word_1_95' title='bbox 490 959 618 993; x_wconf 88' lang='lat' dir='ltr'>autem</span> <span class='ocrx_word' id='word_1_96' title='bbox 655 959 810 1004; x_wconf 87' lang='lat' dir='ltr'>accepto</span> <span class='ocrx_word' id='word_1_97' title='bbox 849 966 942 992; x_wconf 87' lang='lat' dir='ltr'>auro</span> <span class='ocrx_word' id='word_1_98' title='bbox 977 953 1069 992; x_wconf 82' lang='lat' dir='ltr'>emit</span> <span class='ocrx_word' id='word_1_99' title='bbox 1108 953 1350 992; x_wconf 86' lang='lat' dir='ltr'>diuersarum</span> <span class='ocrx_word' id='word_1_100' title='bbox 1384 953 1528 1004; x_wconf 87' lang='lat' dir='ltr'>species</span> 
     </span>
     <span class='ocr_line' id='line_1_15' title="bbox 116 1012 1528 1063; baseline -0.003 -9"><span class='ocrx_word' id='word_1_101' title='bbox 116 1016 389 1054; x_wconf 76' lang='lat' dir='ltr'>henthe&#39;carum</span> <span class='ocrx_word' id='word_1_102' title='bbox 436 1014 474 1052; x_wconf 89' lang='lat' dir='ltr'>in</span> <span class='ocrx_word' id='word_1_103' title='bbox 515 1026 656 1052; x_wconf 90' lang='lat' dir='ltr'>nauem</span> <span class='ocrx_word' id='word_1_104' title='bbox 703 1026 825 1059; x_wconf 80' lang='lat' dir='ltr'>suam,</span> <span class='ocrx_word' id='word_1_105' title='bbox 874 1012 1045 1051; x_wconf 85' lang='lat' dir='ltr'>uidelicet</span> <span class='ocrx_word' id='word_1_106' title='bbox 1085 1012 1298 1060; x_wconf 89' lang='lat' dir='ltr'>Choralitis‚</span> <span class='ocrx_word' id='word_1_107' title='bbox 1343 1012 1528 1063; x_wconf 78' lang='lat' dir='ltr'>Styracin,</span> 
     </span>
     <span class='ocr_line' id='line_1_16' title="bbox 115 1071 1528 1122; baseline -0.004 -8"><span class='ocrx_word' id='word_1_108' title='bbox 115 1074 274 1114; x_wconf 86' lang='lat' dir='ltr'>Mastice</span> <span class='ocrx_word' id='word_1_109' title='bbox 302 1079 347 1112; x_wconf 79' lang='lat' dir='ltr'>et</span> <span class='ocrx_word' id='word_1_110' title='bbox 377 1073 497 1111; x_wconf 88' lang='lat' dir='ltr'>Zizea</span> <span class='ocrx_word' id='word_1_111' title='bbox 527 1078 562 1111; x_wconf 90' lang='lat' dir='ltr'>et</span> <span class='ocrx_word' id='word_1_112' title='bbox 591 1072 713 1111; x_wconf 86' lang='lat' dir='ltr'>serica</span> <span class='ocrx_word' id='word_1_113' title='bbox 737 1071 964 1111; x_wconf 88' lang='lat' dir='ltr'>indumenta</span> <span class='ocrx_word' id='word_1_114' title='bbox 992 1077 1028 1111; x_wconf 86' lang='lat' dir='ltr'>et</span> <span class='ocrx_word' id='word_1_115' title='bbox 1057 1072 1150 1111; x_wconf 89' lang='lat' dir='ltr'>alias</span> <span class='ocrx_word' id='word_1_116' title='bbox 1179 1071 1350 1111; x_wconf 87' lang='lat' dir='ltr'>diuersas</span> <span class='ocrx_word' id='word_1_117' title='bbox 1373 1072 1528 1122; x_wconf 86' lang='lat' dir='ltr'>species.</span> 
     </span>
     <span class='ocr_line' id='line_1_17' title="bbox 118 1130 1532 1181; baseline -0.003 -9"><span class='ocrx_word' id='word_1_118' title='bbox 118 1134 165 1172; x_wconf 91' lang='lat' dir='ltr'>Et</span> <span class='ocrx_word' id='word_1_119' title='bbox 193 1134 380 1171; x_wconf 78' lang='lat' dir='ltr'>honerata</span> <span class='ocrx_word' id='word_1_120' title='bbox 413 1134 506 1170; x_wconf 83' lang='lat' dir='ltr'>naui</span> <span class='ocrx_word' id='word_1_121' title='bbox 526 1131 707 1170; x_wconf 75' lang='lat' dir='ltr'>conduxit</span> <span class='ocrx_word' id='word_1_122' title='bbox 735 1136 873 1169; x_wconf 89' lang='lat' dir='ltr'>nautas</span> <span class='ocrx_word' id='word_1_123' title='bbox 893 1137 930 1169; x_wconf 88' lang='lat' dir='ltr'>et</span> <span class='ocrx_word' id='word_1_124' title='bbox 949 1131 1164 1169; x_wconf 88' lang='lat' dir='ltr'>ascendens</span> <span class='ocrx_word' id='word_1_125' title='bbox 1184 1130 1379 1181; x_wconf 83' lang='lat' dir='ltr'>nauigauit</span> <span class='ocrx_word' id='word_1_126' title='bbox 1398 1135 1532 1169; x_wconf 85' lang='lat' dir='ltr'>contra</span> 
     </span>
     <span class='ocr_line' id='line_1_18' title="bbox 120 1189 1532 1240; baseline -0.004 -8"><span class='ocrx_word' id='word_1_127' title='bbox 120 1192 271 1232; x_wconf 88' lang='lat' dir='ltr'>Siriam.</span> <span class='ocrx_word' id='word_1_128' title='bbox 319 1191 526 1229; x_wconf 85' lang='lat' dir='ltr'>Venientes</span> <span class='ocrx_word' id='word_1_129' title='bbox 555 1196 685 1229; x_wconf 86' lang='lat' dir='ltr'>autem</span> <span class='ocrx_word' id='word_1_130' title='bbox 713 1189 752 1228; x_wconf 87' lang='lat' dir='ltr'>in</span> <span class='ocrx_word' id='word_1_131' title='bbox 790 1191 958 1240; x_wconf 76' lang='lat' dir='ltr'>partibus</span> <span class='ocrx_word' id='word_1_132' title='bbox 987 1190 1064 1228; x_wconf 91' lang='lat' dir='ltr'>Tiri</span> <span class='ocrx_word' id='word_1_133' title='bbox 1102 1195 1138 1228; x_wconf 91' lang='lat' dir='ltr'>et</span> <span class='ocrx_word' id='word_1_134' title='bbox 1167 1190 1332 1237; x_wconf 86' lang='lat' dir='ltr'>Sidonis,</span> <span class='ocrx_word' id='word_1_135' title='bbox 1362 1189 1532 1228; x_wconf 84' lang='lat' dir='ltr'>uendidit</span> 
     </span>
     <span class='ocr_line' id='line_1_19' title="bbox 121 1249 1530 1291; baseline -0.002 -1"><span class='ocrx_word' id='word_1_136' title='bbox 121 1251 251 1291; x_wconf 83' lang='lat' dir='ltr'>omnia</span> <span class='ocrx_word' id='word_1_137' title='bbox 281 1249 533 1289; x_wconf 86' lang='lat' dir='ltr'>mercimonia</span> <span class='ocrx_word' id='word_1_138' title='bbox 561 1263 630 1288; x_wconf 92' lang='lat' dir='ltr'>sua</span> <span class='ocrx_word' id='word_1_139' title='bbox 669 1255 705 1288; x_wconf 91' lang='lat' dir='ltr'>et</span> <span class='ocrx_word' id='word_1_140' title='bbox 742 1250 910 1288; x_wconf 90' lang='lat' dir='ltr'>lucratus</span> <span class='ocrx_word' id='word_1_141' title='bbox 949 1254 1006 1287; x_wconf 93' lang='lat' dir='ltr'>est</span> <span class='ocrx_word' id='word_1_142' title='bbox 1040 1252 1086 1287; x_wconf 73' lang='lat' dir='ltr'>in</span> <span class='ocrx_word' id='word_1_143' title='bbox 1129 1251 1202 1287; x_wconf 72' lang='lat' dir='ltr'>eis</span> <span class='ocrx_word' id='word_1_144' title='bbox 1243 1250 1363 1288; x_wconf 82' lang='lat' dir='ltr'>multa</span> <span class='ocrx_word' id='word_1_145' title='bbox 1405 1249 1530 1287; x_wconf 90' lang='lat' dir='ltr'>nimis.</span> 
     </span>
     <span class='ocr_line' id='line_1_20' title="bbox 119 1308 1534 1359; baseline -0.003 -9"><span class='ocrx_word' id='word_1_146' title='bbox 119 1312 265 1350; x_wconf 89' lang='lat' dir='ltr'>Iterum</span> <span class='ocrx_word' id='word_1_147' title='bbox 295 1309 501 1348; x_wconf 87' lang='lat' dir='ltr'>honerauit</span> <span class='ocrx_word' id='word_1_148' title='bbox 521 1309 684 1347; x_wconf 86' lang='lat' dir='ltr'>eandem</span> <span class='ocrx_word' id='word_1_149' title='bbox 713 1322 854 1347; x_wconf 89' lang='lat' dir='ltr'>nauem</span> <span class='ocrx_word' id='word_1_150' title='bbox 883 1308 1044 1347; x_wconf 89' lang='lat' dir='ltr'>diuersis</span> <span class='ocrx_word' id='word_1_151' title='bbox 1065 1309 1263 1359; x_wconf 87' lang='lat' dir='ltr'>speciebus</span> <span class='ocrx_word' id='word_1_152' title='bbox 1285 1322 1356 1358; x_wconf 89' lang='lat' dir='ltr'>que</span> <span class='ocrx_word' id='word_1_153' title='bbox 1377 1308 1415 1346; x_wconf 92' lang='lat' dir='ltr'>in</span> <span class='ocrx_word' id='word_1_154' title='bbox 1437 1308 1534 1346; x_wconf 89' lang='lat' dir='ltr'>Siria</span> 
     </span>
     <span class='ocr_line' id='line_1_21' title="bbox 121 1368 1534 1418; baseline -0.002 -10"><span class='ocrx_word' id='word_1_155' title='bbox 121 1369 386 1416; x_wconf 92' lang='lat' dir='ltr'>inueniuntur,</span> <span class='ocrx_word' id='word_1_156' title='bbox 425 1370 613 1407; x_wconf 77' lang='lat' dir='ltr'>scilicet</span> <span class='ocrx_word' id='word_1_157' title='bbox 647 1368 843 1414; x_wconf 79' lang='lat' dir='ltr'>Aromata,</span> <span class='ocrx_word' id='word_1_158' title='bbox 886 1368 1014 1415; x_wconf 76' lang='lat' dir='ltr'>Aloes,</span> <span class='ocrx_word' id='word_1_159' title='bbox 1055 1368 1179 1418; x_wconf 80' lang='lat' dir='ltr'>Piper,</span> <span class='ocrx_word' id='word_1_160' title='bbox 1218 1374 1261 1406; x_wconf 80' lang='lat' dir='ltr'>et</span> <span class='ocrx_word' id='word_1_161' title='bbox 1288 1380 1460 1406; x_wconf 80' lang='lat' dir='ltr'>muscum</span> <span class='ocrx_word' id='word_1_162' title='bbox 1498 1373 1534 1405; x_wconf 88' lang='lat' dir='ltr'>et</span> 
     </span>
     <span class='ocr_line' id='line_1_22' title="bbox 122 1427 1533 1478; baseline -0.002 -10"><span class='ocrx_word' id='word_1_163' title='bbox 122 1430 337 1468; x_wconf 82' lang='lat' dir='ltr'>balsamum</span> <span class='ocrx_word' id='word_1_164' title='bbox 366 1432 403 1466; x_wconf 90' lang='lat' dir='ltr'>et</span> <span class='ocrx_word' id='word_1_165' title='bbox 431 1427 503 1466; x_wconf 85' lang='lat' dir='ltr'>alia</span> <span class='ocrx_word' id='word_1_166' title='bbox 541 1432 738 1477; x_wconf 83' lang='lat' dir='ltr'>unguenta</span> <span class='ocrx_word' id='word_1_167' title='bbox 775 1427 940 1478; x_wconf 86' lang='lat' dir='ltr'>pretiosa</span> <span class='ocrx_word' id='word_1_168' title='bbox 977 1427 1097 1466; x_wconf 88' lang='lat' dir='ltr'>multa</span> <span class='ocrx_word' id='word_1_169' title='bbox 1132 1429 1260 1466; x_wconf 69' lang='lat' dir='ltr'>nimis.</span> <span class='ocrx_word' id='word_1_170' title='bbox 1321 1428 1368 1465; x_wconf 87' lang='lat' dir='ltr'>Et</span> <span class='ocrx_word' id='word_1_171' title='bbox 1405 1440 1533 1465; x_wconf 78' lang='lat' dir='ltr'>aseer.-</span> 
     </span>
     <span class='ocr_line' id='line_1_23' title="bbox 123 1486 880 1537; baseline -0.005 -9"><span class='ocrx_word' id='word_1_172' title='bbox 123 1490 258 1528; x_wconf 86' lang='lat' dir='ltr'>dentes</span> <span class='ocrx_word' id='word_1_173' title='bbox 287 1500 424 1526; x_wconf 83' lang='lat' dir='ltr'>nauem</span> <span class='ocrx_word' id='word_1_174' title='bbox 454 1488 658 1537; x_wconf 90' lang='lat' dir='ltr'>ceperunt*</span> <span class='ocrx_word' id='word_1_175' title='bbox 686 1486 880 1536; x_wconf 82' lang='lat' dir='ltr'>nauigare.</span> 
     </span>
    </p>

    <p class='ocr_par' dir='ltr' id='par_1_5' title="bbox 122 1545 1535 1835">
     <span class='ocr_line' id='line_1_24' title="bbox 231 1545 1534 1596; baseline -0.002 -11"><span class='ocrx_word' id='word_1_176' title='bbox 231 1548 482 1596; x_wconf 79' lang='lat' dir='ltr'>lnsurgentes</span> <span class='ocrx_word' id='word_1_177' title='bbox 511 1551 641 1584; x_wconf 88' lang='lat' dir='ltr'>autem</span> <span class='ocrx_word' id='word_1_178' title='bbox 670 1545 850 1584; x_wconf 85' lang='lat' dir='ltr'>contrarii</span> <span class='ocrx_word' id='word_1_179' title='bbox 878 1545 982 1584; x_wconf 83' lang='lat' dir='ltr'>uenti</span> <span class='ocrx_word' id='word_1_180' title='bbox 1017 1545 1271 1584; x_wconf 81' lang='lat' dir='ltr'>turbauerunt</span> <span class='ocrx_word' id='word_1_181' title='bbox 1308 1547 1435 1584; x_wconf 90' lang='lat' dir='ltr'>mare*</span> <span class='ocrx_word' id='word_1_182' title='bbox 1465 1546 1534 1583; x_wconf 90' lang='lat' dir='ltr'>sor-</span> 
     </span>
     <span class='ocr_line' id='line_1_25' title="bbox 124 1604 1534 1656; baseline -0.001 -11"><span class='ocrx_word' id='word_1_183' title='bbox 124 1607 228 1654; x_wconf 88' lang='lat' dir='ltr'>titer;</span> <span class='ocrx_word' id='word_1_184' title='bbox 259 1611 296 1645; x_wconf 87' lang='lat' dir='ltr'>et</span> <span class='ocrx_word' id='word_1_185' title='bbox 324 1605 422 1656; x_wconf 88' lang='lat' dir='ltr'>cepit</span> <span class='ocrx_word' id='word_1_186' title='bbox 451 1605 562 1644; x_wconf 86' lang='lat' dir='ltr'>nauis</span> <span class='ocrx_word' id='word_1_187' title='bbox 591 1604 794 1655; x_wconf 88' lang='lat' dir='ltr'>periclitari</span> <span class='ocrx_word' id='word_1_188' title='bbox 823 1606 1085 1644; x_wconf 88' lang='lat' dir='ltr'>uehementer.</span> <span class='ocrx_word' id='word_1_189' title='bbox 1143 1605 1369 1644; x_wconf 80' lang='lat' dir='ltr'>Theodorus</span> <span class='ocrx_word' id='word_1_190' title='bbox 1407 1610 1534 1643; x_wconf 88' lang='lat' dir='ltr'>autem</span> 
     </span>
     <span class='ocr_line' id='line_1_26' title="bbox 124 1664 1534 1713; baseline -0.001 -9"><span class='ocrx_word' id='word_1_191' title='bbox 124 1679 203 1705; x_wconf 87' lang='lat' dir='ltr'>una</span> <span class='ocrx_word' id='word_1_192' title='bbox 231 1678 324 1704; x_wconf 92' lang='lat' dir='ltr'>cum</span> <span class='ocrx_word' id='word_1_193' title='bbox 354 1665 479 1703; x_wconf 90' lang='lat' dir='ltr'>nautis</span> <span class='ocrx_word' id='word_1_194' title='bbox 509 1665 592 1703; x_wconf 90' lang='lat' dir='ltr'>sine</span> <span class='ocrx_word' id='word_1_195' title='bbox 619 1664 903 1703; x_wconf 86' lang='lat' dir='ltr'>intermissione</span> <span class='ocrx_word' id='word_1_196' title='bbox 931 1664 1151 1702; x_wconf 81' lang='lat' dir='ltr'>clamabant</span> <span class='ocrx_word' id='word_1_197' title='bbox 1179 1665 1226 1702; x_wconf 83' lang='lat' dir='ltr'>ad</span> <span class='ocrx_word' id='word_1_198' title='bbox 1256 1664 1534 1713; x_wconf 85' lang='lat' dir='ltr'>dominatorem</span> 
     </span>
     <span class='ocr_line' id='line_1_27' title="bbox 122 1723 1534 1774; baseline -0.003 -10"><span class='ocrx_word' id='word_1_199' title='bbox 122 1739 255 1764; x_wconf 76' lang='lat' dir='ltr'>suum</span> <span class='ocrx_word' id='word_1_200' title='bbox 295 1724 565 1774; x_wconf 78' lang='lat' dir='ltr'>omniumque</span> <span class='ocrx_word' id='word_1_201' title='bbox 602 1723 798 1762; x_wconf 89' lang='lat' dir='ltr'>Christum</span> <span class='ocrx_word' id='word_1_202' title='bbox 840 1726 1074 1762; x_wconf 73' lang='lat' dir='ltr'>dominum</span> <span class='ocrx_word' id='word_1_203' title='bbox 1104 1736 1217 1772; x_wconf 87' lang='lat' dir='ltr'>quem</span> <span class='ocrx_word' id='word_1_204' title='bbox 1254 1724 1408 1761; x_wconf 87' lang='lat' dir='ltr'>dederat</span> <span class='ocrx_word' id='word_1_205' title='bbox 1436 1723 1534 1761; x_wconf 78' lang='lat' dir='ltr'>anti-</span> 
     </span>
     <span class='ocr_line' id='line_1_28' title="bbox 123 1782 1535 1835; baseline -0.002 -12"><span class='ocrx_word' id='word_1_206' title='bbox 123 1783 315 1835; x_wconf 87' lang='lat' dir='ltr'>phonitin.</span> <span class='ocrx_word' id='word_1_207' title='bbox 372 1784 449 1822; x_wconf 79' lang='lat' dir='ltr'>Sed</span> <span class='ocrx_word' id='word_1_208' title='bbox 491 1783 714 1834; x_wconf 85' lang='lat' dir='ltr'>periclitatio</span> <span class='ocrx_word' id='word_1_209' title='bbox 756 1782 899 1821; x_wconf 88' lang='lat' dir='ltr'>fortiter</span> <span class='ocrx_word' id='word_1_210' title='bbox 940 1783 1121 1821; x_wconf 88' lang='lat' dir='ltr'>iminebat</span> <span class='ocrx_word' id='word_1_211' title='bbox 1165 1788 1201 1821; x_wconf 91' lang='lat' dir='ltr'>et</span> <span class='ocrx_word' id='word_1_212' title='bbox 1243 1783 1535 1821; x_wconf 41' lang='lat' dir='ltr'>uehementer&amp;</span> 
     </span>
    </p>
   </div>
   <div class='ocr_carea' id='block_1_3' title="bbox 1559 777 1605 813">
    <p class='ocr_par' dir='ltr' id='par_1_6' title="bbox 1559 777 1605 813">
     <span class='ocr_line' id='line_1_29' title="bbox 1559 777 1605 813; baseline 0.022 -1"><span class='ocrx_word' id='word_1_213' title='bbox 1559 777 1605 813; x_wconf 85' lang='lat'>10</span> 
     </span>
    </p>
   </div>
   <div class='ocr_carea' id='block_1_4' title="bbox 1562 1072 1609 1108">
    <p class='ocr_par' dir='ltr' id='par_1_7' title="bbox 1562 1072 1609 1108">
     <span class='ocr_line' id='line_1_30' title="bbox 1562 1072 1609 1108; baseline -0.021 0"><span class='ocrx_word' id='word_1_214' title='bbox 1562 1072 1609 1108; x_wconf 78' lang='lat'>15</span> 
     </span>
    </p>
   </div>
   <div class='ocr_carea' id='block_1_5' title="bbox 1563 1367 1613 1404">
    <p class='ocr_par' dir='ltr' id='par_1_8' title="bbox 1563 1367 1613 1404">
     <span class='ocr_line' id='line_1_31' title="bbox 1563 1367 1613 1404; baseline 0 0"><span class='ocrx_word' id='word_1_215' title='bbox 1563 1367 1613 1404; x_wconf 70' lang='grc' dir='ltr'>’ΞΟ</span> 
     </span>
    </p>
   </div>
   <div class='ocr_carea' id='block_1_6' title="bbox 1564 1662 1613 1699">
    <p class='ocr_par' dir='ltr' id='par_1_9' title="bbox 1564 1662 1613 1699">
     <span class='ocr_line' id='line_1_32' title="bbox 1564 1662 1613 1699; textangle 90"><span class='ocrx_word' id='word_1_216' title='bbox 1564 1662 1613 1699; x_wconf 48' lang='lat' dir='ltr'>&#39;CBD‘</span> 
     </span>
    </p>
   </div>
   <div class='ocr_carea' id='block_1_7' title="bbox 123 1840 1678 1892">
    <p class='ocr_par' dir='ltr' id='par_1_10' title="bbox 123 1840 1678 1892">
     <span class='ocr_line' id='line_1_33' title="bbox 123 1840 1678 1892; baseline -0.002 -10"><span class='ocrx_word' id='word_1_217' title='bbox 123 1843 379 1882; x_wconf 85' lang='lat' dir='ltr'>conturbabat</span> <span class='ocrx_word' id='word_1_218' title='bbox 410 1856 487 1881; x_wconf 89' lang='lat' dir='ltr'>eos.</span> <span class='ocrx_word' id='word_1_219' title='bbox 509 1840 523 1892; x_wconf 85' lang='grc' dir='ltr'>Η</span> <span class='ocrx_word' id='word_1_220' title='bbox 544 1842 724 1880; x_wconf 90' lang='lat' dir='ltr'>Videntes</span> <span class='ocrx_word' id='word_1_221' title='bbox 755 1846 883 1880; x_wconf 86' lang='lat' dir='ltr'>autem</span> <span class='ocrx_word' id='word_1_222' title='bbox 914 1847 1029 1880; x_wconf 85' lang='lat' dir='ltr'>naute</span> <span class='ocrx_word' id='word_1_223' title='bbox 1048 1847 1126 1880; x_wconf 86' lang='lat' dir='ltr'>tam</span> <span class='ocrx_word' id='word_1_224' title='bbox 1155 1842 1304 1879; x_wconf 76' lang='lat' dir='ltr'>fortiter</span> <span class='ocrx_word' id='word_1_225' title='bbox 1332 1841 1678 1891; x_wconf 75' lang='lat' dir='ltr'>procellamwffiov</span> 
     </span>
    </p>
   </div>
   <div class='ocr_carea' id='block_1_8' title="bbox 124 1900 1538 2129">
    <p class='ocr_par' dir='ltr' id='par_1_11' title="bbox 124 1900 1538 2129">
     <span class='ocr_line' id='line_1_34' title="bbox 124 1900 1537 1950; baseline -0.003 -9"><span class='ocrx_word' id='word_1_226' title='bbox 124 1907 332 1941; x_wconf 87' lang='lat' dir='ltr'>uentorum</span> <span class='ocrx_word' id='word_1_227' title='bbox 362 1907 399 1940; x_wconf 90' lang='lat' dir='ltr'>et</span> <span class='ocrx_word' id='word_1_228' title='bbox 429 1902 556 1940; x_wconf 86' lang='lat' dir='ltr'>minas</span> <span class='ocrx_word' id='word_1_229' title='bbox 594 1902 780 1940; x_wconf 85' lang='lat' dir='ltr'>fluctuum</span> <span class='ocrx_word' id='word_1_230' title='bbox 817 1907 931 1950; x_wconf 85' lang='lat' dir='ltr'>atque</span> <span class='ocrx_word' id='word_1_231' title='bbox 969 1900 1236 1940; x_wconf 86' lang='lat' dir='ltr'>contritionem</span> <span class='ocrx_word' id='word_1_232' title='bbox 1274 1903 1407 1950; x_wconf 69' lang='lat' dir='ltr'>maris,</span> <span class='ocrx_word' id='word_1_233' title='bbox 1443 1900 1537 1950; x_wconf 80' lang='lat' dir='ltr'>cogi-</span> 
     </span>
     <span class='ocr_line' id='line_1_35' title="bbox 124 1959 1536 2010; baseline -0.002 -10"><span class='ocrx_word' id='word_1_234' title='bbox 124 1966 252 2000; x_wconf 76' lang='lat' dir='ltr'>tantes</span> <span class='ocrx_word' id='word_1_235' title='bbox 273 1962 320 2000; x_wconf 86' lang='lat' dir='ltr'>de</span> <span class='ocrx_word' id='word_1_236' title='bbox 349 1961 470 2000; x_wconf 87' lang='lat' dir='ltr'>salute</span> <span class='ocrx_word' id='word_1_237' title='bbox 491 1974 560 1999; x_wconf 84' lang='lat' dir='ltr'>sua</span> <span class='ocrx_word' id='word_1_238' title='bbox 579 1966 761 2010; x_wconf 90' lang='lat' dir='ltr'>ceperunt</span> <span class='ocrx_word' id='word_1_239' title='bbox 774 1961 913 1999; x_wconf 84' lang='lat' dir='ltr'>iactare</span> <span class='ocrx_word' id='word_1_240' title='bbox 933 1963 1059 1998; x_wconf 75' lang='lat' dir='ltr'>omnia</span> <span class='ocrx_word' id='word_1_241' title='bbox 1078 1959 1365 1998; x_wconf 87' lang='lat' dir='ltr'>henthiciorum</span> <span class='ocrx_word' id='word_1_242' title='bbox 1384 1972 1536 2009; x_wconf 84' lang='lat' dir='ltr'>genera,</span> 
     </span>
     <span class='ocr_line' id='line_1_36' title="bbox 125 2018 1538 2070; baseline -0.002 -11"><span class='ocrx_word' id='word_1_243' title='bbox 125 2026 167 2059; x_wconf 90' lang='lat' dir='ltr'>ut</span> <span class='ocrx_word' id='word_1_244' title='bbox 196 2019 407 2059; x_wconf 80' lang='lat' dir='ltr'>alleuarent</span> <span class='ocrx_word' id='word_1_245' title='bbox 427 2033 575 2067; x_wconf 74' lang='lat' dir='ltr'>nauem,</span> <span class='ocrx_word' id='word_1_246' title='bbox 605 2020 636 2058; x_wconf 91' lang='lat' dir='ltr'>si</span> <span class='ocrx_word' id='word_1_247' title='bbox 655 2020 749 2058; x_wconf 86' lang='lat' dir='ltr'>forte</span> <span class='ocrx_word' id='word_1_248' title='bbox 768 2024 925 2070; x_wconf 89' lang='lat' dir='ltr'>possent</span> <span class='ocrx_word' id='word_1_249' title='bbox 946 2019 1096 2057; x_wconf 86' lang='lat' dir='ltr'>saluari.</span> <span class='ocrx_word' id='word_1_250' title='bbox 1154 2018 1251 2057; x_wconf 90' lang='lat' dir='ltr'>Cum</span> <span class='ocrx_word' id='word_1_251' title='bbox 1279 2024 1406 2057; x_wconf 90' lang='lat' dir='ltr'>autem</span> <span class='ocrx_word' id='word_1_252' title='bbox 1428 2018 1538 2056; x_wconf 86' lang='lat' dir='ltr'>uidis-</span> 
     </span>
     <span class='ocr_line' id='line_1_37' title="bbox 124 2078 1538 2129; baseline -0.002 -11"><span class='ocrx_word' id='word_1_253' title='bbox 124 2085 222 2126; x_wconf 87' lang='lat' dir='ltr'>sent,</span> <span class='ocrx_word' id='word_1_254' title='bbox 257 2079 347 2129; x_wconf 81' lang='lat' dir='ltr'>quia</span> <span class='ocrx_word' id='word_1_255' title='bbox 377 2092 448 2117; x_wconf 90' lang='lat' dir='ltr'>nec</span> <span class='ocrx_word' id='word_1_256' title='bbox 478 2079 531 2117; x_wconf 88' lang='lat' dir='ltr'>sic</span> <span class='ocrx_word' id='word_1_257' title='bbox 560 2079 798 2129; x_wconf 76' lang='lat' dir='ltr'>proficerent,</span> <span class='ocrx_word' id='word_1_258' title='bbox 838 2078 1143 2127; x_wconf 86' lang='lat' dir='ltr'>derelinquentes</span> <span class='ocrx_word' id='word_1_259' title='bbox 1183 2091 1316 2116; x_wconf 84' lang='lat' dir='ltr'>omnes</span> <span class='ocrx_word' id='word_1_260' title='bbox 1355 2079 1538 2116; x_wconf 79' lang='lat' dir='ltr'>nauem**</span> 
     </span>
    </p>
   </div>
   <div class='ocr_carea' id='block_1_9' title="bbox 128 2182 217 2185">
    <p class='ocr_par' dir='ltr' id='par_1_12' title="bbox 128 2182 217 2185">
     <span class='ocr_line' id='line_1_38' title="bbox 128 2182 217 2185; baseline 0 0"><span class='ocrx_word' id='word_1_261' title='bbox 128 2182 217 2185; x_wconf 95' lang='lat' dir='ltr'> </span> 
     </span>
    </p>
   </div>
   <div class='ocr_carea' id='block_1_10' title="bbox 237 2181 410 2184">
    <p class='ocr_par' dir='ltr' id='par_1_13' title="bbox 237 2181 410 2184">
     <span class='ocr_line' id='line_1_39' title="bbox 237 2181 410 2184; baseline 0 0"><span class='ocrx_word' id='word_1_262' title='bbox 237 2181 410 2184; x_wconf 95' lang='lat' dir='ltr'> </span> 
     </span>
    </p>
   </div>
   <div class='ocr_carea' id='block_1_11' title="bbox 237 2243 1135 2279">
    <p class='ocr_par' dir='ltr' id='par_1_14' title="bbox 237 2243 1135 2279">
     <span class='ocr_line' id='line_1_40' title="bbox 237 2243 1135 2279; baseline -0.001 -1"><span class='ocrx_word' id='word_1_263' title='bbox 237 2246 258 2278; x_wconf 76' lang='grc' dir='ltr'><em>ὃ</em></span> <span class='ocrx_word' id='word_1_264' title='bbox 284 2244 373 2279; x_wconf 86' lang='lat' dir='ltr'>libre</span> <span class='ocrx_word' id='word_1_265' title='bbox 397 2245 435 2278; x_wconf 67' lang='grc' dir='ltr'>Ξῖ</span> <span class='ocrx_word' id='word_1_266' title='bbox 482 2245 524 2278; x_wconf 88' lang='grc'>16</span> <span class='ocrx_word' id='word_1_267' title='bbox 551 2244 652 2278; x_wconf 85' lang='lat' dir='ltr'>navis</span> <span class='ocrx_word' id='word_1_268' title='bbox 680 2244 718 2277; x_wconf 73' lang='lat'>1⁸</span> <span class='ocrx_word' id='word_1_269' title='bbox 761 2244 806 2278; x_wconf 70' lang='lat'>29</span> <span class='ocrx_word' id='word_1_270' title='bbox 832 2243 1071 2278; x_wconf 83' lang='lat' dir='ltr'>contritionem</span> <span class='ocrx_word' id='word_1_271' title='bbox 1100 2244 1135 2277; x_wconf 52' lang='lat'>*2⁹-</span> 
     </span>
    </p>
   </div>
   <div class='ocr_carea' id='block_1_12' title="bbox 200 2683 1402 2718">
    <p class='ocr_par' dir='ltr' id='par_1_15' title="bbox 200 2683 1402 2718">
     <span class='ocr_line' id='line_1_41' title="bbox 200 2683 1402 2718; baseline -0.002 -6"><span class='ocrx_word' id='word_1_272' title='bbox 200 2685 392 2718; x_wconf 75' lang='lat' dir='ltr'>sammtung</span> <span class='ocrx_word' id='word_1_273' title='bbox 412 2683 719 2712; x_wconf 80' lang='lat' dir='ltr'>mittellateiniseher</span> <span class='ocrx_word' id='word_1_274' title='bbox 735 2685 843 2712; x_wconf 77' lang='lat' dir='ltr'>Texte.</span> <span class='ocrx_word' id='word_1_275' title='bbox 883 2686 907 2711; x_wconf 80' lang='lat'>7.</span> <span class='ocrx_word' id='word_1_276' title='bbox 1385 2684 1402 2709; x_wconf 88' lang='lat'>2</span> 
     </span>
    </p>
   </div>
   <div class='ocr_carea' id='block_1_13' title="bbox 1566 1960 1617 1996">
    <p class='ocr_par' dir='ltr' id='par_1_16' title="bbox 1566 1960 1617 1996">
     <span class='ocr_line' id='line_1_42' title="bbox 1566 1960 1617 1996; baseline 0 0"><span class='ocrx_word' id='word_1_277' title='bbox 1566 1960 1617 1996; x_wconf 87' lang='lat'>30</span> 
     </span>
    </p>
   </div>
  </div>
 </body>
</html>
