1834 2967
849 122 1114 159 -70—

275 242 419 283 uiuere.
475 243 539 282 Ait
567 244 601 282 ei
630 244 772 294 puella:
802 244 932 291 Queso
968 249 1015 291 te,
1046 243 1175 294 accipe
1211 243 1396 293 quidquid
1435 244 1576 282 habere
1604 257 1689 294 pos-

277 316 365 340 sum
394 307 430 341 et
459 303 507 342 da
534 303 608 348 eis:
638 304 905 342 tantummodo
934 308 970 341 te
998 302 1127 353 ipsum
1156 316 1204 341 ne
1224 304 1375 353 perdas.
1433 303 1478 341 Et
1498 303 1689 353 accipiens

155 369 258 403 B95v
278 361 338 400 ille
366 362 529 400 reddidit
557 362 684 400 debita
713 376 784 400 sua
812 368 847 400 et
876 362 1052 400 liberauit
1072 361 1087 412 ΙΙ
1107 375 1148 400 se
1176 362 1316 412 ipsum.

381 421 594 470 Postquam
633 434 727 460 uero
770 422 840 460 hec
878 421 964 459 fecit
1005 422 1143 471 puella,
1187 421 1285 471 cepit
1313 434 1436 471 egere⁷
1479 434 1568 459 cum
1611 434 1691 460 non

225 484 249 521 5
276 479 437 519 haberet
465 480 631 530 aliquem
660 480 725 529 qui
754 481 800 519 de
829 494 873 519 ea
902 479 1094 530 cogitaret.
1151 481 1330 518 Desolata
1358 485 1488 518 autem
1516 493 1538 517 a
1557 493 1692 530 paren-

278 538 379 577 tibus
408 538 501 589 suis,
530 552 620 578 cum
645 544 746 578 esset
765 552 949 589 oppressa
977 539 1025 577 ab
1053 538 1194 589 inopia,
1225 538 1322 589 cepit
1351 538 1544 577 fornicari.
1587 539 1692 577 Dice-

278 598 372 636 bant
413 603 543 637 autem
585 611 631 636 ex
673 598 810 636 uicinis
845 603 881 636 et
909 597 1079 648 cognatis
1119 601 1200 636 eius
1228 599 1400 648 quidam:
1440 597 1535 644 Quis
1570 603 1694 648 potest

278 658 592 707 conprehendere
612 657 749 696 iudicia
769 656 862 695 Dei?
900 657 1103 704 Quomodo
1124 657 1306 707 permittit
1333 657 1505 695 animam
1524 656 1693 695 hominis

157 724 261 758 E158
279 729 346 766 per
374 716 617 754 occasionem
645 716 838 765 aliliquam
866 716 1040 755 decidere
1068 716 1108 754 in
1137 716 1308 755 delictis?

202 779 251 817 10
384 775 660 814 Verumtamen
698 780 784 825 post
818 775 962 825 aliquot
995 788 1120 814 annos
1160 775 1346 825 egrotauit
1375 775 1501 825 puella
1536 781 1572 814 et
1602 774 1695 812 dixit

281 833 417 873 uicinis
447 834 547 873 suis:
590 835 752 884 Propter
787 835 912 872 Deum
950 835 1059 873 facite
1095 834 1400 873 misericordiam
1437 847 1525 873 cum
1566 833 1696 872 anima

278 907 366 932 mea
407 898 442 931 et
481 899 610 943 rogate
651 906 791 944 papam
827 899 870 931 ut
913 893 1024 932 faciat
1058 907 1121 932 me
1159 893 1421 932 christianam.
1478 894 1524 932 Et
1563 906 1697 932 omnes

279 953 606 1003 contempnebant
644 966 730 991 eam
765 958 802 991 et
830 952 1029 991 dicebant:
1071 952 1164 1000 Quis
1200 966 1286 991 eam
1322 952 1487 1002 recipiet,
1525 966 1614 991 cum
1649 951 1697 990 sit

278 1011 484 1051 meretrix?
540 1012 586 1050 Et
614 1012 870 1050 tribulabatur
899 1011 1026 1050 nimis.
1084 1013 1128 1050 In
1156 1012 1229 1050 hac
1257 1025 1351 1050 uero
1386 1011 1632 1050 tribulatione
1661 1016 1697 1049 et

203 1074 251 1111 15
280 1071 452 1109 mesticia
481 1084 569 1109 cum
590 1076 690 1109 esset
709 1076 746 1109 et
775 1083 890 1109 nemo
920 1069 953 1109 ei
974 1076 1226 1117 succurreret,
1256 1083 1343 1109 ecce
1363 1071 1522 1120 angelus
1542 1069 1697 1109 Domini

281 1130 456 1181 apparuit
485 1130 518 1168 ei
546 1130 585 1168 in
615 1130 741 1180 specie
769 1130 938 1168 hominis
967 1129 1080 1177 illius,
1111 1129 1171 1168 cuj
1206 1129 1510 1168 misericordiam
1546 1130 1698 1176 fecerat,

281 1189 450 1238 dixitque
479 1189 530 1228 ei:
569 1189 669 1237 Quid
708 1189 853 1228 habes?
908 1189 1009 1236 Quid
1046 1188 1302 1239 angustiaris?
1357 1189 1441 1236 Que
1483 1188 1698 1239 respondit:

181 1256 264 1290 T69
283 1249 477 1296 Quoniam
505 1248 702 1287 dersidero
737 1248 817 1287 fieri
853 1247 1073 1295 christiana,
1112 1253 1149 1286 et
1182 1248 1312 1286 nullus
1341 1253 1398 1286 est
1427 1247 1491 1297 qui
1520 1248 1699 1297 loquatur

284 1321 351 1359 pro
381 1321 456 1347 me.
513 1308 559 1346 Et
588 1308 638 1346 ait
667 1308 718 1347 ei:
754 1309 797 1346 In
826 1307 987 1346 ueritate
1023 1307 1241 1346 desideras?
1299 1307 1530 1357 Respondit:
1569 1307 1699 1345 Eciam

202 1371 254 1408 20
284 1368 442 1406 obsecro
471 1372 520 1415 te,
559 1367 726 1406 domine.
782 1366 846 1405 Ait
874 1366 936 1405 ille
965 1367 1030 1416 qui
1058 1371 1287 1417 apparuerat
1315 1366 1366 1404 ei:
1409 1366 1496 1404 Noli
1525 1366 1698 1405 deficere.

283 1427 361 1476 Ego
390 1426 494 1465 enim
522 1427 712 1466 adducam
748 1425 810 1476 qui
850 1432 887 1465 te
924 1426 1090 1465 debeant
1130 1426 1259 1464 lauare
1297 1432 1331 1464 et
1367 1428 1433 1476 qm*
1471 1433 1505 1464 te
1543 1427 1699 1464 debeant

282 1488 420 1524 leuare.

389 1545 488 1584 Cum
517 1550 647 1583 autem
674 1544 778 1591 isset,
809 1544 967 1583 adduxit
995 1557 1127 1583 secum
1155 1544 1249 1582 alios
1279 1544 1376 1582 duos
1402 1543 1570 1593 angelos,
1602 1543 1700 1582 sicut

163 1613 263 1646 S75v
282 1609 414 1654 postea
447 1603 697 1642 manifestum
725 1605 803 1642 est*
832 1603 996 1650 factum;
1026 1608 1063 1641 et
1090 1603 1263 1641 leuantes
1293 1615 1377 1641 eam
1397 1600 1412 1652 ΙΙ
1433 1603 1627 1640 duxerunt
1659 1600 1701 1640 in

205 1669 254 1706 ,⁶25
284 1663 495 1702 ecclesiam.
529 1664 560 1702 O
590 1661 793 1701 ineffabilis
822 1661 889 1700 Dei
919 1662 1056 1712 pietas!
1096 1663 1239 1700 Iterum
1267 1675 1360 1700 uero
1381 1662 1700 1711 transfigurantes

156 1733 186 1766 K
203 1733 264 1766 141
287 1735 328 1760 se
357 1722 460 1773 ipsos
489 1722 526 1761 in
557 1723 710 1760 uultum
739 1722 984 1771 quorundam
1002 1727 1230 1771 magnatum
1259 1734 1305 1759 ex
1335 1721 1469 1759 ordine
1497 1726 1700 1770 autlgusta-

284 1782 391 1828 lium,
422 1786 684 1820 euocauerunt
713 1780 946 1831 presbiteros
975 1785 1012 1819 et
1040 1780 1220 1819 diacones
1250 1780 1313 1830 qui
1344 1781 1475 1818 erant÷÷
1505 1778 1702 1818 constituti

285 1841 324 1879 in
353 1841 427 1879 hoc
455 1839 681 1886 ministerio,
712 1853 792 1878 non
821 1839 860 1878 in
889 1839 1040 1878 uisione
1055 1845 1121 1878 aut
1150 1839 1398 1887 reuelatione,
1428 1839 1494 1877 sed
1514 1838 1703 1877 ueraciter

284 1905 320 1938 et
349 1899 605 1950 corporaliter.
663 1900 709 1938 Et
737 1899 916 1937 dixerunt
945 1899 998 1937 eis
1028 1898 1170 1937 clerici:
1207 1898 1365 1937 Dilectio
1402 1903 1533 1937 uestra
1572 1897 1703 1948 recipit

207 1965 259 2003 30
288 1972 373 1997 eam
401 1959 440 1997 in
462 1959 535 1998 fide
564 1959 754 1997 iussoria?
772 1982 818 1986 —
836 1958 967 1997 Eciam
997 1971 1068 1996 nos
1098 1958 1266 1996 iussores
1295 1957 1377 1996 eius
1407 1957 1619 1996 existimus.
1658 1957 1704 1995 Et

284 2018 512 2068 accipientes
542 2031 628 2057 eam
656 2017 793 2065 clerici,
823 2018 862 2056 in
892 2018 965 2056 fide
993 2017 1146 2056 illorum
1182 2017 1475 2067 baptizauerunt
1504 2029 1601 2055 eam.
1659 2015 1705 2054 Et

287 2077 410 2127 angeli
451 2077 654 2116 induentes
697 2090 782 2116 eam
825 2077 921 2116 albis
956 2076 1142 2123 uestibus⁷
1186 2076 1283 2114 sicut
1320 2089 1406 2114 mos
1448 2081 1517 2122 est,
1566 2075 1705 2114 iterum

288 2142 581 2186 reportauerunt
616 2149 702 2175 eam
737 2137 777 2175 in
813 2138 973 2175 domum
1007 2136 1111 2174 unde
1140 2148 1225 2174 eam
1261 2135 1438 2174 tulerant.
1495 2135 1541 2173 Et
1578 2147 1704 2185 repor-

398 2303 411 2335 1
441 2302 621 2345 quicquid]
656 2304 761 2336 ceteri
833 2303 853 2335 2
890 2302 935 2336 da
960 2304 1009 2336 B³
1078 2302 1098 2335 3
1134 2301 1279 2335 librauit
1319 2300 1363 2335 T¹
1436 2301 1458 2334 5
1491 2300 1597 2344 igitur
1630 2299 1711 2334 ΕΚ

288 2357 308 2389 9
335 2355 417 2398 aliq.
443 2367 556 2390 occas.
582 2357 624 2390 K
692 2356 730 2390 in
761 2357 810 2390 Τδ
875 2356 918 2389 10
953 2355 1043 2399 post]
1077 2365 1139 2398 per
1165 2355 1207 2389 K
1276 2354 1419 2398 aliquod
1447 2354 1520 2388 ΒΤ
1580 2353 1707 2396 annos]

288 2413 430 2453 tempus
455 2409 536 2443 ΕΚ
585 2410 626 2442 12
652 2409 694 2443 Et
721 2430 763 2434 —
791 2409 882 2451 eam]
911 2420 1020 2452 quam
1045 2409 1123 2443 EK
1175 2409 1217 2441 13
1243 2408 1401 2442 dicentes
1429 2407 1506 2442 ΕΚ
1555 2407 1598 2441 18
1623 2405 1707 2449 quia

289 2463 331 2498 K
375 2463 583 2496 201101111110
609 2466 643 2496 te
662 2463 736 2497 BT
780 2463 948 2507 apparuit
973 2462 1014 2497 K
1060 2462 1100 2495 21
1124 2462 1245 2495 lauare
1263 2461 1417 2495 debeant
1441 2461 1483 2495 K
1528 2461 1572 2494 23
1599 2460 1708 2494 issent

290 2514 377 2550 B¹T
422 2516 468 2549 24
493 2516 588 2558 dux]
615 2516 896 2559 deportauerunt
914 2516 969 2555 Ε;
998 2519 1179 2559 portantes
1204 2515 1247 2550 K
1293 2515 1337 2548 26
1361 2517 1614 2556 magnatorum
1632 2513 1712 2548 EK

289 2569 333 2602 027
361 2569 538 2612 dyacones
563 2570 605 2603 K
667 2570 712 2602 30
738 2570 815 2611 nos]
847 2572 885 2610 -1-
916 2568 1081 2612 inquiunt
1108 2568 1188 2602 ΕΚ
1213 2570 1251 2609 -1-
1281 2567 1360 2602 tidci
1393 2566 1490 2602 E²K
1551 2568 1590 2601 31
1622 2565 1707 2600 bati-

290 2625 463 2656 zauerunt
494 2623 524 2656 T
547 2625 717 2666 (sempmy
769 2624 814 2655 :333
840 2622 1060 2665 deponentes
1086 2632 1164 2655 eain
1191 2621 1266 2655 ΕΚ
