1834 2967
726 126 987 164 -87-

151 249 257 288 niam
285 249 499 295 inuenerat,
540 263 698 300 sperans
734 263 775 287 se
803 248 980 287 inuenire
1018 254 1053 287 et
1091 248 1223 295 aliam;
1262 254 1298 287 et
1336 249 1557 299 percuciens

149 322 275 358 usque
304 310 350 347 ad
380 311 549 347 sextam*
578 309 716 347 horam
744 307 862 346 nichil
881 307 1042 346 inuenit.
1082 307 1189 358 Cepit
1218 313 1347 346 autem
1375 308 1559 347 remorari

151 367 295 406 cibaria
322 367 386 406 illa
415 373 449 406 et
480 367 664 417 obsequia
693 373 727 405 et
758 366 1004 405 seducciones
1034 372 1070 405 et
1098 366 1331 416 pompaticas
1370 367 1451 405 illas
1480 367 1558 406 fan-

148 426 266 465 tasias
308 432 343 465 et
386 426 656 465 tribulabatur.
714 427 757 464 Et
800 425 940 464 iterum
978 425 1127 463 dicebat
1155 425 1228 463 sibi
1264 425 1354 475 ipsi:
1397 426 1557 476 Eulogii,

151 498 266 535 surge
293 486 442 533 labora;
482 485 544 524 hic
573 492 626 524 est
667 484 771 523 enim
798 485 966 534 Egyptus
1005 490 1040 522 et
1078 497 1156 522 non
1194 484 1558 535 Constantinopolis.
1614 487 1637 524 5

152 545 196 583 Et
226 545 279 583 sic
309 558 514 596 parumper
543 551 579 583 et
607 546 655 583 ad
682 543 879 582 modicum
904 542 1100 582 constituit
1129 557 1219 581 eum
1247 549 1403 582 sanctus
1433 544 1559 582 infans

151 609 187 642 et
217 603 448 643 dominatrix
488 609 618 642 nostra
647 603 716 641 Dei
751 602 924 642 Genitrix
953 602 991 640 in
1030 601 1197 652 priorem
1231 601 1417 641 ordinem.
1473 602 1558 641 Non

150 662 257 701 enim
284 662 451 701 iniustus
480 668 537 701 est
557 663 659 700 Deus
688 667 729 700 ut
750 661 1040 700 obliuisceretur
1068 661 1241 711 priorum
1268 662 1445 699 laborum
1465 661 1558 700 eius.

255 722 346 760 Post
367 735 532 771 paruum
551 734 645 760 uero
665 726 817 771 tempus
838 720 994 759 ascendi
1012 720 1051 758 in
1078 720 1211 758 uillam
1238 719 1353 758 illam.
1410 720 1455 758 Et
1475 733 1560 758 ecce

150 779 368 830 uespertina
397 782 492 819 bora
520 780 682 819 ueniens
703 779 789 818 tulit
814 793 877 818 me
897 779 1004 818 iuxta
1032 779 1198 830 primam
1225 778 1557 817 consuetudinem.
1592 782 1639 818 10

149 840 197 877 Vt
225 845 355 878 autem
382 839 463 878 uidi
491 839 612 886 illum,
642 838 814 889 ingemui
842 844 878 877 et.
917 838 1116 889 suspirans
1155 843 1191 877 et
1227 837 1434 876 lacrimans
1464 837 1559 876 dixi:

151 899 280 946 Quam
307 898 550 948 magnificata
570 904 661 936 sunt
690 911 805 948 opera
834 902 912 945 tua,
942 896 1124 945 Domine;
1155 897 1286 935 omnia
1307 896 1346 935 in
1368 896 1561 947 sapiencia

150 956 282 996 fecisti.
339 957 435 1005 Quis
464 958 567 996 Deus
596 970 761 1007 magnus
792 956 890 995 sicut
918 957 1021 995 Deus
1050 962 1194 1003 noster,
1233 956 1299 1006 qui
1328 956 1487 994 suscitat
1515 956 1561 994 de

148 1017 307 1067 puluere
336 1030 502 1067 egenum
539 1022 575 1055 et
612 1018 658 1055 de
687 1022 853 1055 stercore
892 1017 1016 1054 eleuat
1052 1029 1271 1066 pauperem,
1310 1014 1487 1053 humiliat
1525 1020 1561 1053 et

149 1075 343 1114 sublimat.
400 1075 589 1115 Mirabilia
617 1075 758 1114 iudicia
787 1081 865 1122 tua,
904 1074 1081 1122 Domine,
1120 1074 1206 1124 quis
1241 1080 1365 1125 potest
1401 1073 1558 1113 inuesti-
1592 1076 1637 1113 15

147 1139 262 1199 gare?
300 1135 379 1185 Ego
408 1141 537 1174 autem
565 1140 740 1185 peccator
769 1134 808 1174 in
837 1135 911 1173 hoc
940 1135 1043 1184 quod
1073 1147 1260 1199 ceperam,
1290 1133 1364 1172 nisi
1384 1139 1427 1172 tu
1455 1132 1558 1172 adiu-

148 1194 272 1233 uisses
291 1208 366 1242 me,
397 1194 643 1245 paulominus
662 1194 875 1232 habitasset
894 1193 1046 1232 inferno
1075 1193 1204 1232 anima
1219 1206 1316 1231 mea.
1357 1193 1402 1231 Et
1423 1193 1558 1231 tollens

148 1267 291 1302 aquam
326 1253 421 1292 lauit
458 1255 573 1304 pedes
610 1266 718 1292 meos
763 1254 979 1292 secundum
1008 1252 1329 1291 consuetudinem
1369 1265 1481 1290 suam
1523 1257 1558 1290 et

147 1312 326 1363 apposuit
354 1326 543 1351 mensam.
600 1313 813 1362 Postquam
840 1325 933 1350 uero
967 1311 1224 1362 gustauimus,
1260 1310 1339 1349 dixi
1367 1310 1419 1350 ei:
1458 1311 1558 1358 Quo-

148 1372 262 1410 modo
290 1371 423 1419 habes,
453 1372 592 1411 frater?
637 1371 711 1419 Qui
731 1370 945 1421 respondit:
975 1372 1052 1410 Ora
1081 1383 1148 1421 pro
1168 1384 1241 1418 me,
1272 1369 1426 1409 domine
1446 1371 1557 1409 abba.
1588 1372 1638 1410 20

148 1431 276 1469 Homo
306 1444 395 1469 sum
422 1430 591 1478 humilis,
624 1444 701 1469 non
730 1431 879 1469 habens
908 1430 948 1468 in
975 1429 1156 1468 manibus
1185 1429 1281 1468 meis
1312 1429 1466 1479 aliquid.
1513 1430 1558 1468 Et

146 1503 216 1539 ego
258 1488 336 1527 dixi
374 1489 426 1529 ei:
475 1489 631 1529 Vtinam
668 1503 742 1539 que
785 1488 968 1535 habuisti,
1007 1502 1087 1527 non
1128 1487 1352 1527 habuisses!
1420 1488 1466 1526 Et
1508 1487 1558 1527 ait

148 1549 280 1587 michi:
324 1549 398 1587 Pro
428 1562 516 1598 quo,
547 1549 703 1588 domine
742 1549 865 1587 abba?
920 1547 1118 1598 Numquid
1157 1547 1414 1586 scandalizaui
1448 1552 1484 1586 te
1518 1547 1558 1586 in

146 1606 300 1657 aliquo?
356 1608 400 1646 Et
429 1608 508 1646 dixi
536 1611 588 1647 ei:
619 1609 664 1646 Et
685 1607 699 1658 Η
720 1607 760 1646 in
789 1621 866 1657 quo
896 1621 975 1646 non
1004 1620 1044 1645 es
1073 1620 1135 1645 me
1165 1606 1468 1645 scandalizatus?
1573 1613 1700 1647 E167v

255 1667 366 1706 Tunc
409 1667 589 1706 enarraui
630 1667 684 1706 illi
719 1667 850 1706 omnia
892 1680 966 1717 que
1006 1666 1104 1705 dicta
1147 1672 1183 1704 et
1221 1666 1317 1704 facta
1355 1664 1457 1704 sunt.
1514 1665 1560 1704 Et
1588 1667 1637 1705 25

147 1725 366 1776 planximus
405 1726 557 1776 utrique
592 1727 749 1777 planctu
786 1740 940 1776 magno,
996 1726 1042 1764 Et
1080 1725 1173 1764 d'mit
1210 1724 1328 1763 michi
1371 1727 1444 1763 ita:
1483 1724 1559 1763 Ora

148 1790 191 1823 ut
211 1786 226 1835 Η
245 1787 402 1825 mandet
429 1786 548 1825 michi
567 1787 671 1825 Deus
700 1785 843 1836 aliquid
863 1791 897 1824 et
928 1786 1107 1824 ammodo
1126 1798 1189 1823 me
1219 1785 1445 1824 emendabo,
1488 1783 1560 1822 Cui
1573 1790 1671 1824 SSlv

147 1843 243 1883 dixi:
275 1845 397 1891 Certe,
428 1845 490 1892 fili,
521 1846 740 1884 nullatenus
770 1850 966 1895 exspectes
997 1847 1134 1883 iterum
1163 1849 1205 1882 ut
1234 1844 1412 1882 credatur
1441 1842 1510 1881 tibi
1538 1857 1560 1881 a

148 1903 314 1942 Domino
343 1904 507 1954 amplius
528 1904 603 1944 nisi
630 1904 760 1955 ipsum
787 1903 974 1950 keration,
1011 1904 1234 1953 usquedum
1261 1916 1301 1942 es
1342 1902 1382 1941 in
1411 1903 1559 1941 mundo

147 1962 234 2002 isto.
290 1963 335 2002 Et
362 1977 448 2002 ecce
483 1977 549 2015 per
587 1969 715 2003 tantos
744 1977 868 2002 annos
903 1962 1036 2002 tribuit
1071 1962 1124 2001 illi
1152 1963 1254 2001 Deus
1290 1961 1465 2001 keration
1493 1975 1559 2012 per
1587 1963 1638 2001 30

150 2021 324 2072 singulos
353 2022 446 2063 dies,

255 2082 350 2120 Ecce
370 2081 454 2121 dico
468 2082 537 2121 tibi
556 2083 749 2132 quomodo
770 2095 860 2120 eum
879 2095 1057 2132 agnosco.
1088 2081 1188 2131 Ergo
1208 2086 1250 2120 tu
1269 2093 1350 2119 non
1372 2081 1560 2119 secundes

147 2141 221 2178 hoc
258 2139 386 2187 alicui;
427 2143 539 2180 abbas
568 2143 709 2180 Daniel
747 2143 907 2189 confisus
941 2155 965 2179 a
1000 2141 1202 2179 Thebaida.
1259 2140 1305 2178 Et
1339 2139 1561 2178 obseruauit

148 2199 358 2249 discipulus
397 2205 440 2238 ut
480 2213 558 2239 non
601 2202 770 2239 crederet
806 2201 881 2238 hoc
920 2199 1036 2238 alicui
1077 2213 1200 2249 usque
1244 2200 1292 2237 ad
1331 2199 1447 2237 finem
1484 2198 1561 2237 uite

149 2258 249 2296 beati
279 2258 393 2296 senis.
450 2258 580 2298 Mirari
608 2265 738 2298 autem
766 2265 910 2309 oportet
938 2257 1242 2297 misericordiam
1270 2257 1340 2296 Dei
1367 2258 1561 2307 quomodo
1589 2259 1639 2296 35

259 2359 272 2391 1
295 2360 328 2391 et
346 2357 465 2400 aliam]
485 2357 618 2401 aliquid
636 2357 798 2392 inuenire
812 2359 849 2392 K
898 2358 1141 2402 percussitque
1153 2359 1234 2393 EK
1278 2359 1299 2392 Ε..)
1318 2361 1352 2392 et
1365 2358 1475 2392 nichil
1488 2358 1562 2392 ΕΚ

148 2411 378 2445 rememorari
407 2411 484 2445 ΕΚ
527 2411 550 2445 4
576 2412 692 2455 eulogi
710 2413 789 2446 ΕΚ
835 2413 856 2446 5
883 2412 999 2455 surge]
1023 2414 1062 2452 —4-
1084 2415 1118 2446 et
1144 2413 1223 2446 ΕΚ
1270 2413 1288 2445 7
1316 2411 1489 2454 ordinem]
1520 2414 1559 2450 -l-

148 2475 254 2498 suum
270 2465 351 2499 ΕΚ
395 2465 416 2497 S
435 2464 522 2507 eius]
545 2467 584 2505 —l-
601 2465 757 2508 priorum
779 2467 820 2499 Κ
870 2466 905 2499 11
927 2464 1190 2508 lacrimansque
1208 2466 1287 2500 EK
1336 2466 1377 2498 15
1395 2464 1562 2498 sublimia

148 2519 224 2552 ΕΚ
276 2518 316 2551 17
345 2517 569 2552 habitauerat
594 2518 632 2552 in
657 2520 734 2553 ΕΚ
770 2519 815 2553 25
842 2518 1024 2553 enarrauit
1042 2517 1134 2553 EK¹
1183 2518 1289 2562 dicta]
1317 2521 1356 2559 -1-
1385 2520 1468 2552 sunt
1488 2518 1567 2552 ΕΚ

148 2572 193 2605 ⁶26
220 2571 356 2614 planxit
388 2582 482 2605 unus
517 2571 610 2606 ΕΚι
690 2572 734 2606 32
768 2572 839 2606 dixi
871 2574 951 2607 ΕΚ
1019 2572 1063 2606 33
1095 2572 1160 2606 hec
1186 2573 1265 2607 ΕΚ
1343 2571 1388 2606 34
1420 2572 1486 2605 hoc
1513 2571 1562 2604 Ks

149 2625 194 2658 35
212 2624 343 2658 mirare
369 2625 407 2657 Κ
