1834 2967
213 271 286 312 27.
327 270 400 312 De
432 269 657 312 miranda
692 269 958 312 sanctitate
993 269 1216 312 Danielis
1251 269 1461 312 abbatis.

130 359 246 445 Fuit
276 359 312 397 in
346 358 517 410 partibus
546 358 745 397 Thebaide
774 359 894 396 abbas
923 357 1057 396 Daniel
1085 358 1148 407 qui
1182 363 1262 396 erat
1291 359 1477 409 presbiter
1506 360 1545 398 in

220 418 330 457 Cithi.
386 419 562 466 Quadam
598 431 690 456 uero
727 417 787 456 die
815 417 963 455 habens
993 429 1124 455 secum
1158 430 1281 455 unum
1319 418 1545 468 discipulum

133 489 260 524 suum,
304 477 499 516 descendit
542 476 760 526 nauigando
801 489 869 526 per
896 476 1053 514 flumen.
1111 476 1155 514 Et
1197 489 1285 514 cum
1315 477 1545 526 nauigasset⁷

133 542 326 574 uenerunt
354 537 393 574 in
422 537 564 574 unam*
592 535 734 581 uillam,
773 534 838 572 ubi
868 547 986 573 senex
1014 533 1270 584 imperauerat
1305 536 1444 574 nautis.
1501 537 1547 575 Et
1602 538 1625 575 5

131 595 226 633 dixit
255 608 391 633 senex:
431 594 503 633 Hic
530 594 720 632 habemus
759 606 916 632 manere
944 593 1069 632 hodie.
1127 592 1233 643 Cepit
1271 599 1399 632 autem
1437 595 1546 633 disci-

132 654 245 703 pulus
275 654 355 692 eius
385 666 628 691 murmurare
647 658 685 690 et
713 651 855 691 dicere:
886 652 1018 701 Vsque
1039 665 1114 701 quo
1142 652 1331 690 habemus
1362 653 1545 693 circuire?

132 713 275 751 Eamus
305 713 535 762 quandoque
563 712 602 749 in
633 711 806 750 Scithim.
865 711 992 750 Senex
1021 717 1152 750 autem
1182 711 1250 750 ait:
1279 711 1545 762 Nequaquam,

128 773 198 810 sed
225 771 287 809 hic
315 772 504 809 habemus
542 783 700 809 manere
737 770 864 809 hodie.
922 770 967 809 Et
996 771 1179 809 sederunt
1215 771 1254 808 111
1293 771 1419 809 medio
1459 771 1546 810 uille

130 831 228 869 sicut
255 830 437 879 hospites,
494 830 539 868 Et
568 829 661 868 dixit
690 829 897 880 discipulus
927 829 1031 868 seni:
1063 830 1258 879 Numquid
1279 828 1293 879 ΙΙ
1315 831 1435 880 placet
1469 831 1543 869 hoc
1560 836 1688 870 K14ssv

131 890 211 928 Deo
240 894 281 927 ut
309 889 372 927 hic
400 889 602 927 sedeamus
640 888 737 927 sicut
772 889 1008 927 confratres?
1064 889 1207 927 Eamus
1242 890 1379 928 saltem
1414 889 1454 927 in
1489 902 1545 928 ec-

131 948 296 987 clesiam.
355 948 456 986 Dixit
494 953 622 986 autem
665 961 804 986 senex:
842 948 1107 998 Nequaquam,
1150 949 1217 987 sed
1254 949 1318 987 hic
1355 949 1545 987 habemus

131 1020 227 1046 esse.
284 1007 329 1045 Et
358 1007 431 1045 illic
461 1012 752 1057 perseuerantes
782 1008 964 1045 sederunt
1005 1020 1125 1056 usque
1162 1008 1209 1045 ad
1247 1020 1450 1058 uesperam
1480 1008 1546 1046 ob-

127 1079 296 1105 scuram.
353 1067 398 1104 Et
428 1066 525 1116 cepit
544 1065 750 1116 discipulus
772 1066 986 1104 contristari
1015 1071 1051 1104 et
1070 1066 1175 1105 litem
1196 1079 1283 1105 cum
1313 1080 1404 1105 sene
1424 1067 1546 1106 facere

130 1125 279 1164 dicens:
322 1125 353 1163 O
392 1138 459 1175 per
497 1130 533 1163 te
571 1130 607 1163 et
645 1138 713 1175 pro
751 1130 788 1163 te
821 1125 946 1163 habeo
982 1125 1090 1164 mori.
1148 1125 1248 1173 Quid
1276 1125 1458 1164 faciemus
1486 1125 1548 1164 hic
1580 1132 1626 1170 15

130 1185 330 1223 sedendo?

239 1243 313 1294 Ipsi
348 1256 440 1282 uero
469 1242 568 1282 inter
597 1256 638 1282 se
666 1243 737 1282 hec
755 1242 970 1293 loquentes,
999 1256 1086 1282 ecce
1115 1243 1270 1292 quidam
1290 1257 1409 1282 senex
1428 1243 1546 1282 laicus

130 1304 246 1353 longo
275 1301 382 1341 senio
402 1315 608 1340 senescens
638 1302 676 1340 in
707 1302 840 1340 diebus
860 1301 1003 1350 multis,
1032 1303 1182 1341 habens
1211 1308 1246 1341 et
1276 1303 1445 1353 gippum.
1501 1303 1547 1342 Et

133 1361 270 1400 uidens
309 1362 487 1400 abbatem
522 1361 718 1400 Danielem
758 1362 984 1412 amplexans
1023 1374 1111 1400 eum
1149 1363 1392 1400 osculabatur
1430 1363 1546 1412 pedes

128 1421 213 1459 eius
256 1433 344 1459 cum
381 1420 559 1460 lacrimis.
631 1421 820 1459 Salutauit
867 1426 995 1459 autem
1031 1426 1067 1459 et
1115 1420 1344 1471 discipulum
1384 1422 1464 1460 eius
1513 1427 1548 1460 et
1577 1427 1628 1465 <20

134 1479 202 1518 ait:
225 1477 239 1530 Ι]
261 1479 308 1517 Vt
336 1480 456 1529 placet
485 1479 608 1518 uobis.
671 1480 851 1518 Portabat
881 1493 974 1518 uero
1013 1484 1049 1518 et
1086 1480 1275 1518 laternam
1315 1486 1350 1519 et
1379 1485 1666 1530 pertram-1⁴:164

135 1539 238 1577 siens
275 1551 411 1577 omnes
448 1539 592 1589 plateas
630 1538 719 1578 uille
757 1540 939 1589 querebat
976 1539 1157 1590 hospites.
1223 1540 1377 1578 Tollens
1419 1545 1546 1578 autem

135 1611 268 1637 senem
297 1611 385 1637 cum
415 1598 598 1648 discipulo
628 1612 697 1637 suo
728 1604 764 1637 et
793 1598 886 1637 alios
918 1612 1012 1648 quos
1033 1598 1181 1637 inuenit
1210 1599 1300 1637 abiit
1328 1599 1367 1637 in
1389 1599 1547 1637 domum

135 1670 258 1696 suam.
314 1657 360 1695 Et
389 1657 560 1696 mittebat
590 1670 731 1707 aquam
760 1658 799 1695 111
829 1657 971 1708 peluim
1000 1663 1035 1696 et
1062 1657 1214 1696 lauabat
1245 1659 1358 1708 pedes
1387 1658 1547 1696 fratrum

137 1721 173 1755 et
202 1715 316 1755 senis.
358 1716 446 1755 Non
466 1716 570 1755 0111111
598 1717 766 1755 habebat
785 1719 904 1755 alium
925 1717 1091 1766 aliquem
1120 1717 1158 1755 in
1189 1718 1302 1755 domo
1332 1730 1402 1755 sua
1423 1730 1548 1766 neque

136 1775 202 1813 in*
232 1775 306 1814 alio
332 1775 429 1823 1000,
458 1775 532 1814 nisi
561 1776 686 1814 solum
716 1776 851 1815 Deum.
895 1776 940 1814 Et
969 1776 1145 1827 apposuit
1174 1776 1227 1814 eis
1257 1789 1445 1814 mensam.
1502 1776 1548 1814 Et

138 1847 226 1872 cum
255 1839 484 1884 gustassent,
522 1835 606 1873 tulit
635 1848 708 1884 que
737 1840 1011 1885 superauerant
1051 1836 1265 1885 fragmenta
1305 1841 1341 1873 et
1375 1834 1477 1874 misit
1506 1848 1550 1874 ea

135 1893 298 1932 canibus
333 1893 431 1932 uille.
489 1893 552 1932 Sic
590 1895 694 1932 0111111
732 1895 897 1932 habebat
935 1893 1265 1933 consuetudinem.
1321 1894 1407 1932 Non
1447 1894 1550 1932 enim

138 1952 312 1991 mittebat
340 1953 479 1991 micam
508 1966 626 1992 unam
647 1967 769 2003 usque
798 1967 923 1992 mane.
981 1954 1091 1992 Tunc
1120 1953 1204 1992 tulit
1232 1954 1342 1991 illum
1371 1967 1490 1992 senex
1510 1953 1549 1992 in

139 2011 331 2050 secretiori
357 2012 441 2050 1000
471 2017 507 2050 et
535 2025 658 2061 usque
687 2013 734 2051 ad
763 2025 941 2050 auroram
971 2012 1066 2050 dieii÷
1095 2013 1270 2050 sedentes
1308 2012 1423 2051 locuti
1460 2017 1550 2051 sunt
1579 2013 1630 2050 30

140 2070 320 2109 salutaria
349 2071 468 2109 uerba
496 2084 583 2109 cum
617 2070 783 2109 lacrimis
812 2071 953 2110 multis.
1013 2071 1126 2109 Mane
1158 2077 1286 2109 autem
1325 2071 1424 2110 facto
1453 2073 1550 2110 salu-

139 2135 264 2168 tantes
294 2143 334 2168 se
363 2130 528 2168 inuicem
558 2130 722 2181 separati
751 2136 855 2168 sunt.

247 2188 345 2227 Cum
374 2201 466 2227 uero
493 2188 563 2227 iter
592 2190 772 2236 facerent,
801 2189 961 2239 procidit
989 2189 1196 2239 discipulus
1225 2190 1271 2227 ad
1305 2190 1420 2239 pedes
1449 2189 1551 2228 senis

140 2248 288 2286 dicens:
326 2248 399 2286 Fac
437 2247 631 2287 caritatem
669 2253 822 2298 propter
852 2249 988 2295 Deum,
1026 2255 1142 2299 pater.
1200 2249 1267 2287 Dic
1301 2249 1430 2295 11110111,
1468 2249 1552 2298 quis

1578 1718 1600 1755 Ν)

1605 1719 1627 1755 0(

249 2420 270 2453 3
297 2418 404 2452 Scithi
432 2418 512 2452 ΕΚ
555 2419 578 2452 4
602 2418 832 2462 nauigassent
857 2419 936 2453 ΕΚ
992 2420 1010 2452 7
1037 2419 1119 2462 quo]
1148 2419 1290 2462 quando
1316 2420 1397 2454 ΕΚ
1451 2420 1471 2453 9
1496 2419 1553 2453 1110

144 2472 197 2506 Ks
246 2472 288 2505 10
314 2471 397 2505 dicit
423 2471 464 2506 K
512 2472 549 2505 11
580 2472 702 2514 confr.]
734 2475 772 2512 -{-
801 2472 872 2506 sed.
892 2472 948 2506 hic
973 2472 1054 2506 ΕΚ
1098 2472 1215 2506 saltim
1242 2473 1282 2506 E
1336 2473 1378 2505 15
1404 2471 1554 2506 facimus

142 2524 224 2559 ΕΚ
268 2525 312 2558 23
338 2524 488 2566 1111101111]
510 2527 549 2564 -1-
570 2525 727 2568 hospites
745 2526 824 2560 ΕΚ
871 2526 917 2559 24
943 2525 1087 2559 mittens
1106 2544 1148 2549 —-
1168 2525 1256 2559 lauit
1273 2526 1350 2560 ΕΚ
1374 2525 1492 2569 pedes]
1513 2529 1551 2565 -μ

145 2588 281 2621 00111111,
308 2577 443 2612 scilicet
467 2577 546 2612 ΕΚ
608 2578 652 2611 26
671 2578 750 2621 11151]
779 2578 840 2611 sed
866 2579 941 2612 ΕΚ
1008 2579 1052 2612 98
1070 2578 1166 2620 111110]
1194 2578 1255 2621 qui
1281 2582 1383 2612 erant
1407 2578 1444 2612 in
1470 2578 1555 2612 uilla

144 2631 221 2665 ΕΚ
278 2632 322 2664 :29
349 2629 524 2673 mittebat]
542 2629 741 2665 dimittebat
759 2631 838 2665 ΕΚ
898 2632 944 2665 30
969 2631 1161 2665 secretiora
1186 2630 1236 2666 Ει

217 2701 402 2733 Sammlung
421 2700 729 2728 mittellateiuisc-her
747 2702 853 2728 Texte.
894 2702 916 2727 7.
1401 2701 1416 2726 6
