1834 2967
802 113 1094 150 —1324—

241 235 340 273 Nam
370 234 400 273 si
429 249 502 274 nos
531 236 716 275 uoluisset
742 238 913 287 perdere,

242 307 321 331 non
350 293 435 332 ideo
465 308 534 344 pro
576 295 687 334 nobis
716 296 914 346 proprium

241 353 400 391 fudisset
427 354 668 404 sanguinem.

189 472 212 508 5
294 471 418 518 Unde,
435 471 632 518 carissimi,
647 472 914 511 incunctanter

243 542 347 568 nunc
376 529 513 569 iterum
535 536 648 580 atque
669 531 806 569 iterum
837 545 914 569 am·

241 601 394 636 moneo,
425 589 604 638 quatinus
633 595 826 640 gratanter
855 603 914 628 ve-

986 237 1139 287 proprio
1161 237 1348 287 sanguine
1367 243 1527 287 potaret.
1556 238 1657 276 Nam

987 296 1017 334 si
1043 296 1237 344 uoluisset,
1267 310 1338 335 nos
1360 298 1518 346 perdere
1546 297 1655 343 (Mau

981 356 1164 404 pridem),
1203 369 1282 393 non
1317 368 1387 405 pro
1425 355 1538 394 nobis
1573 368 1656 406 pro-

986 414 1111 464 prium
1141 413 1298 452 fudisset
1327 413 1567 463 sanguinem.

1043 473 1165 520 Unde,
1194 473 1327 511 fratres
1362 472 1565 519 karissimi,
1601 471 1658 510 in-

987 537 1210 570 cunctanter
1238 537 1369 570 ortans
1397 533 1587 570 admoneo
1616 537 1658 570 ut

987 597 1118 629 sancte
1138 590 1315 641 imaginis
1330 590 1411 629 eius
1431 590 1658 629 memoriam

100 651 231 686 Α1521ν
246 654 450 686 metiremur
470 648 541 698 piis
557 649 735 698 operibus
751 655 786 687 et
801 649 915 699 digna

243 707 535 745 conuersatione
555 709 660 746 hunc
675 708 775 746 diem
793 709 915 747 nostri

167 766 214 802 10
243 765 511 816 Redemptoris
531 768 579 804 ad
598 767 750 805 laudem
780 773 816 805 et
835 768 914 817 glo-

243 823 340 862 riam
369 825 524 863 Domini
554 826 763 864 Saluatoris
793 827 915 865 nostri

242 883 355 922 Ihesu
386 884 538 931 Christi,
568 885 628 923 cui
648 891 705 923 est
732 886 858 924 honor
879 890 915 924 et

243 942 373 992 gloria,
411 944 706 993 magnificentia,
746 950 914 995 potestas

243 1006 280 1040 et
308 1002 511 1052 imperium
547 1017 653 1042 nunc
692 1009 728 1042 et
763 1017 915 1054 semper

168 1060 214 1097 15
244 1066 280 1099 et
299 1061 337 1098 in
359 1062 486 1100 secula
506 1063 734 1101 seculorum.
773 1063 913 1101 Amen.

986 649 1057 700 piis
1114 663 1341 688 veneremur
1397 649 1575 699 operibus
1621 654 1658 688 et

987 709 1100 758 digna
1120 708 1412 747 conuersatione
1423 709 1528 747 hunc
1543 708 1658 755 diem,

985 767 1023 806 id
1052 772 1109 806 est
1139 768 1271 817 quinto
1299 768 1384 806 idus
1413 767 1656 814 Nouembris,

987 827 1223 865 celebremus
1252 827 1299 865 ad
1327 827 1480 865 laudem
1518 831 1554 865 et
1583 826 1658 877 glo-

987 886 1083 924 riam
1131 886 1339 924 Saluatoris
1382 886 1503 924 nostri
1543 886 1658 924 Ihesu

988 944 1140 992 Christi,
1170 945 1229 983 cui
1250 950 1306 983 est
1333 946 1460 983 honor
1480 950 1516 984 et
1540 944 1661 995 gloria

987 1003 1024 1041 in
1066 1005 1193 1043 secula
1227 1004 1456 1043 seculorum.
1517 1005 1657 1042 Amen.

758 1287 1045 1354 Appendix
1080 1288 1149 1339 ΙΙ.

472 1429 567 1472 Das
599 1429 1010 1474 Brachenwunder
1042 1430 1121 1474 des
1154 1431 1223 1473 hl.
1257 1429 1426 1484 Georg.

379 1513 416 1560 a)
460 1513 551 1551 Cod.
583 1513 747 1552 Vindob.
780 1515 855 1553 739
886 1515 1005 1561 (anno
1038 1515 1167 1562 1174),
1198 1514 1259 1553 fol.
1286 1515 1525 1553 172—174V.

101 1607 231 1634 f01.172v
352 1589 488 1639 Incipit
516 1589 744 1628 miraculum
774 1591 875 1629 beati
905 1590 1055 1640 Georgii
1085 1590 1264 1629 martiris.
1287 1589 1300 1640 ΙΙ

168 1651 219 1688 ΞΟ
354 1650 506 1687 Fratres
525 1649 728 1696 karissimi,
757 1649 915 1688 intentis
944 1649 1100 1688 auribus
1125 1650 1263 1696 audite,
1292 1662 1477 1699 magnum
1497 1649 1661 1688 miracu-

243 1709 326 1747 lum
346 1709 449 1758 quod
468 1707 556 1747 fecit
570 1708 673 1747 Deus
695 1722 761 1759 per
781 1709 1068 1748 sanctissimum
1090 1709 1286 1747 martirem
1307 1722 1419 1747 suum
1442 1709 1661 1759 Georgium.

351 1768 394 1805 In
423 1767 496 1805 illis
524 1767 638 1817 igitur
667 1768 802 1806 diebus
831 1773 912 1807 erat
941 1768 1096 1818 quidam
1115 1768 1334 1818 imperator,
1365 1767 1523 1807 nomine
1551 1768 1660 1807 Leui-

246 1827 324 1865 sius
363 1826 403 1865 in
445 1826 596 1865 ciuitate
639 1840 713 1876 que
750 1833 908 1866 uocatur
936 1827 1055 1875 Lisia;
1100 1827 1163 1877 qui
1205 1828 1371 1877 repletus
1409 1833 1489 1866 erat
1527 1828 1661 1877 spiritu

246 1885 483 1936 nequissimo
513 1891 549 1924 et
577 1886 697 1936 ydolis
727 1887 964 1926 sacrificabat
993 1886 1139 1926 cotidie.
1183 1886 1273 1925 Sine
1301 1887 1384 1937 lege
1412 1887 1517 1925 enim
1537 1887 1604 1926 Dei
1625 1892 1662 1926 et

167 1947 216 1984 Εἷς)
247 1945 330 1984 sine
358 1945 621 1984 misericordia
650 1951 731 1984 erat
760 1946 979 1985 incredulus
1008 1952 1044 1985 et
1074 1959 1151 1984 non
1183 1946 1360 1985 credebat
1394 1946 1433 1984 in
1463 1946 1660 1985 Christum

246 2004 469 2043 Dominum.
527 2004 604 2043 Sed
633 2005 735 2043 Deus
775 2005 1020 2055 omnipotens
1057 2005 1120 2055 qui
1150 2006 1233 2044 uult
1272 2018 1407 2044 omnes
1445 2006 1595 2044 saluare
1625 2011 1661 2044 et

246 2063 438 2102 neminem
460 2064 631 2114 perdere,
653 2078 732 2103 non
753 2064 928 2103 retribuit
948 2064 980 2103 ei
1010 2066 1222 2103 secundum
1245 2078 1360 2115 opera
1379 2064 1460 2103 eius
1479 2064 1660 2114 maligna,

245 2127 476 2161 conuertens
506 2136 594 2161 eum
623 2125 671 2162 ad
701 2124 814 2162 fidem
844 2124 998 2163 Domini
1027 2124 1148 2162 nostri
1177 2125 1291 2162 Ihesu
1321 2124 1475 2163 Christi.

351 2182 392 2220 In
423 2182 599 2231 proximo
627 2188 758 2221 autem
787 2184 995 2234 praephate
1025 2183 1187 2222 ciuitatis
1217 2189 1397 2233 stagnum
1433 2188 1512 2221 erat
1552 2183 1660 2233 quasi

165 2243 217 2280 30
245 2254 351 2279 mare
381 2241 626 2291 profundum,
656 2242 792 2292 inquo
822 2248 935 2281 natus
965 2248 1044 2282 erat
1072 2244 1186 2281 draco
1206 2256 1370 2293 magnus
1400 2242 1510 2281 ualde
1537 2243 1661 2281 horri-

355 2391 369 2423 1
399 2390 477 2433 nos]
503 2401 554 2423 om
582 2389 634 2424 Α2
682 2391 831 2434 perdere
857 2401 929 2425 non
955 2390 1047 2434 ideo]
1073 2401 1125 2424 om
1153 2391 1184 2425 A
1242 2392 1262 2425 3
1288 2390 1476 2426 infudisset
1500 2401 1599 2434 sang.
1626 2391 1660 2426 A

245 2444 267 2475 ἦ
298 2444 425 2477 fratres
456 2443 530 2478 kar.
559 2447 591 2478 A
659 2447 868 2478 cunctanter
893 2444 928 2479 L
993 2446 1014 2477 (5
1052 2444 1161 2487 nunc]
1199 2455 1253 2478 om
1288 2445 1324 2479 A
1388 2444 1566 2479 admoneo
1593 2445 1661 2480 Ac

246 2497 267 2530 8
285 2497 391 2539 digne
409 2495 693 2530 conuersationis
712 2497 827 2531 forma
845 2497 911 2531 hac
930 2497 986 2531 die
1004 2498 1039 2532 A
1089 2499 1110 2530 9
1136 2498 1208 2531 red.
1228 2497 1339 2532 nostri
1365 2498 1400 2532 A
1452 2498 1490 2532 11
1511 2497 1661 2540 domini]

246 2561 299 2583 om
314 2552 348 2584 A
400 2551 443 2584 13
461 2553 494 2584 et
512 2549 658 2592 magnif.
671 2552 705 2584 A
759 2551 801 2584 14
818 2551 1021 2594 imperium]
1038 2553 1075 2591 -†-
1094 2561 1156 2594 per
1176 2550 1299 2585 onmia
1311 2551 1431 2585 secula
1444 2551 1659 2585 seculorum.

246 2602 361 2636 Arnen
387 2605 431 2638 A.
