1834 2967
839 131 1100 168 -502—

639 270 683 314 9.
715 270 783 313 De
816 270 1014 323 quodam
1045 270 1290 315 monacho.

263 359 377 447 Fuit
407 359 584 409 quidam*
612 359 671 398 uir
692 359 731 397 in
751 359 984 398 Alexandria
1012 359 1150 398 nobilis
1177 365 1213 397 et
1239 358 1346 398 diues
1366 360 1490 405 ualde,
1521 359 1677 398 nomine

365 419 592 457 Antiochus
655 418 728 457 Hic
772 431 861 468 sepe
901 418 1136 457 ammonitus
1177 432 1199 457 a
1239 418 1350 457 beato
1393 418 1677 468 archiepiscopo

134 485 239 519 Ε148
264 478 483 524 Anastasio,
504 477 519 528 ΙΙ
540 477 761 527 relinquens
790 478 981 516 mundum
1000 477 1121 516 factus
1151 482 1206 516 est
1226 478 1455 516 monachus.
1494 477 1567 516 Hic
1587 477 1677 516 abiit

214 540 237 578 5
267 543 303 576 et
330 536 487 575 intrauit
515 536 552 575 in
584 535 788 575 cenobium
827 536 958 574 dicens
993 536 1091 575 infra
1129 536 1390 586 semetipsum,
1429 549 1477 575 ne
1513 537 1608 575 forte
1646 536 1678 574 si

266 595 458 635 solitarius
486 595 711 634 habitauero
740 600 777 633 et
805 596 990 634 exaltatus
1011 596 1130 642 suero,
1160 596 1372 645 dampnum
1400 595 1522 645 patiar
1550 595 1678 634 anime

266 668 364 703 mee,
394 655 459 693 sed
488 654 609 704 magis
630 655 778 693 tradam
806 667 869 692 me
898 654 1025 705 ipsum
1058 654 1097 692 in
1127 654 1361 693 subiectione
1399 659 1435 693 et
1463 653 1680 692 obedientia

266 715 438 761 fratrum,
468 718 510 752 ut
538 713 691 752 uideam
730 713 1032 762 uniuscuiusque
1060 713 1179 752 uitam
1218 718 1254 752 et
1282 713 1406 751 imiter
1436 713 1679 762 quantulum-

267 786 431 822 cumque
460 786 548 811 cum
577 772 644 810 Dei
673 771 872 819 adiutorio,
913 777 949 810 et
978 772 1178 822 complebo
1207 772 1446 822 propositum
1483 777 1519 810 et
1556 772 1677 810 inten-

188 834 238 872 10
265 832 408 871 tionem
437 831 578 870 mentis
607 844 702 869 mee.
759 831 870 878 Quod
900 837 936 869 et
965 831 1105 869 factum
1135 837 1202 870 est.

373 891 470 930 Cum
499 890 604 929 enim
633 888 827 928 introisset
856 891 895 928 in
916 889 1132 937 cenobium,
1163 890 1216 928 sic
1236 895 1315 928 erat
1335 890 1373 928 in
1403 890 1528 929 medio
1549 890 1678 929 frater-

124 957 253 992 K129v
266 951 406 996 nitatis,
437 963 480 988 ac
510 949 540 988 si
562 962 640 988 non
663 947 676 999 ΙΙ
697 949 887 987 habitaret
916 962 1004 987 cum
1032 949 1268 996 hominibus,
1299 950 1365 987 sed
1393 949 1492 988 inter
1521 950 1677 999 angelos

264 1010 345 1048 Dei.
390 1009 434 1047 Et
463 1009 565 1058 quod
594 1008 627 1046 ei
656 1008 928 1058 imperabatur,
958 1021 1046 1046 cum
1066 1008 1172 1046 omni
1200 1008 1441 1046 festinatione
1462 1013 1498 1046 et
1526 1022 1677 1059 promp-

265 1069 369 1108 titate
398 1074 434 1106 et
463 1067 600 1118 gaudio
628 1067 800 1105 faciebat.
843 1067 1011 1106 Omnem
1039 1067 1143 1105 enim
1171 1073 1363 1105 tumorem
1392 1067 1545 1114 mentis,
1579 1068 1678 1106 exal-

139 1134 245 1168 T61v
265 1127 449 1167 tationem
478 1133 514 1165 et
535 1125 754 1176 superbiam
776 1131 812 1164 et
832 1131 939 1164 actus
968 1126 1159 1164 seculares
1186 1140 1207 1165 a
1237 1139 1278 1165 se
1297 1127 1412 1176 longe
1440 1126 1640 1176 proiciensy
1662 1125 1676 1177 ΙΙ

265 1187 494 1226 obseruabat
523 1185 762 1236 pudiciciam,
791 1198 964 1224 amorem
992 1185 1250 1233 fraternitatis,
1280 1185 1485 1233 silentium,
1516 1185 1676 1235 uigilias,

265 1246 456 1285 orationes
485 1250 521 1283 et
551 1245 745 1283 caritatem
775 1245 823 1282 ad
852 1257 1000 1283 omnes.
1057 1245 1103 1283 Et
1132 1245 1248 1283 nichil
1282 1243 1385 1283 aliud
1421 1245 1676 1284 meditabatur

265 1306 324 1345 die
352 1310 545 1354 noctuque
583 1304 655 1342 nisi
694 1305 875 1342 mandata
917 1317 990 1353 que
1029 1303 1062 1343 ei
1099 1310 1255 1343 sanctus
1294 1310 1407 1354 pater
1448 1304 1676 1343 Anastasius

266 1369 486 1416 preceperat
514 1369 551 1402 et
579 1377 687 1414 spem
718 1377 832 1413 quam
861 1362 901 1401 in
922 1363 1074 1402 Christo
1102 1364 1281 1403 habebat.
1337 1364 1527 1403 Videbant
1547 1369 1677 1403 autem

156 1430 240 1464 1390
265 1437 401 1463 omnes
430 1423 563 1462 fratres
595 1422 676 1461 eius
697 1421 711 1473 ΙΙ
733 1422 1065 1462 conuersationem
1085 1428 1121 1462 et
1147 1423 1402 1474 multipliciter
1422 1422 1677 1472 iuuabantur;

266 1483 441 1522 uidentes
479 1482 607 1520 uirum
650 1482 713 1532 qui
742 1482 865 1521 fuerat
902 1482 942 1520 in
980 1482 1108 1521 seculo
1146 1482 1252 1521 diues
1290 1488 1325 1520 et
1365 1482 1551 1531 gloriosus
1589 1496 1677 1521 cum

267 1542 372 1581 omni
401 1541 583 1592 dignitate
611 1541 835 1591 procedens,
864 1554 969 1580 nunc
998 1554 1090 1580 uero
1119 1554 1199 1580 non
1229 1541 1471 1580 estimantem
1501 1555 1542 1580 se
1562 1542 1678 1581 fuisse

266 1601 437 1640 nobilem
467 1613 591 1650 neque
620 1600 797 1647 liberum,
827 1602 894 1639 sed
922 1600 961 1639 in
990 1601 1097 1639 omni
1125 1600 1269 1639 uilitate
1306 1606 1342 1639 et
1371 1603 1413 1639 in
1441 1601 1678 1639 extremitate

267 1665 571 1711 permanentem,
593 1659 855 1710 glorificabant
870 1660 990 1698 Deum
1014 1660 1077 1709 qui
1098 1660 1281 1710 ampliora
1295 1665 1437 1710 prestat
1456 1660 1677 1699 hominibus

188 1720 238 1758 25
268 1734 383 1770 quam
413 1724 575 1769 petatur,
605 1718 669 1768 qui
698 1720 809 1757 eum÷÷
837 1724 1003 1768 querunt
1033 1732 1079 1757 ex
1109 1724 1186 1758 toto
1216 1720 1340 1759 corde.

373 1778 498 1826 Quem
527 1777 663 1816 uidens
693 1778 811 1816 abbas
841 1778 1063 1817 monasterii
1093 1783 1198 1816 tanta
1226 1777 1366 1816 uirtute
1395 1783 1430 1816 et
1463 1779 1582 1828 gratia
1612 1778 1678 1817 Dei

268 1839 437 1889 plenum,
468 1837 637 1876 secundo
667 1850 770 1875 anno
800 1837 1103 1876 conuersationis
1133 1836 1213 1876 eius
1244 1837 1439 1876 constituit
1473 1851 1562 1876 eum
1591 1851 1677 1888 apo-

150 1902 248 1936 S69v
269 1896 480 1936 erisiarium
509 1895 743 1943 monasterii,
776 1902 964 1946 quatenus
994 1896 1111 1935 exiret
1131 1895 1146 1947 ΙΙ
1167 1902 1203 1935 et
1231 1896 1301 1935 iret
1336 1896 1374 1934 in
1410 1896 1603 1935 ciuitatem
1632 1897 1679 1935 ad

268 1957 522 1995 exercendam
552 1968 708 1994 ornnem
738 1955 1004 1995 necessitatem
1032 1955 1253 1994 monasterii
1283 1969 1370 1994 cum
1400 1955 1615 1995 reuerentia
1643 1962 1679 1995 et

189 2016 240 2054 30
268 2015 404 2054 timore
434 2013 513 2053 Dei.
571 2015 640 2053 Cui
669 2014 865 2053 consensit
894 2015 1020 2054 omnis
1041 2015 1284 2065 congregatio
1312 2015 1485 2063 fratrum,
1515 2015 1679 2054 scientes

269 2087 357 2113 eum
387 2074 511 2112 uirum
532 2074 676 2112 iustum
696 2079 732 2113 et
761 2073 993 2125 religiosum.
1041 2075 1185 2113 Seruus
1214 2079 1342 2113 autem
1362 2074 1429 2113 Dei
1449 2074 1679 2121 Antiochus,

269 2133 530 2171 contentiosus
560 2146 644 2171 esse
673 2133 863 2180 nesciens,
901 2147 988 2172 cum
1019 2134 1124 2172 omni
1159 2133 1373 2172 humilitate
1407 2139 1442 2172 et
1478 2133 1679 2184 pacientia,

270 2192 366 2231 sicut
387 2206 409 2230 a
429 2192 614 2242 principio
643 2193 776 2240 fuerat,
807 2193 973 2243 suscepit
1002 2192 1270 2231 obedientiam.
1318 2193 1364 2231 Et
1392 2198 1525 2243 petens
1546 2193 1679 2232 oratio-

128 2257 254 2291 Ε148ν
272 2264 359 2289 nem
395 2251 442 2289 ab
472 2251 609 2290 abbate
639 2257 674 2290 et
704 2252 873 2291 cuncttis
904 2251 1095 2299 fratribus,
1135 2265 1180 2290 ex
1216 2257 1307 2290 tunc
1345 2251 1442 2303 cepit
1481 2251 1583 2291 exire
1613 2265 1681 2303 pro

190 2312 240 2350 35
270 2309 486 2348 obedientia
538 2310 761 2350 monasterii
807 2318 840 2349 et
892 2310 930 2349 in
983 2310 1178 2350 ciuitatem
1225 2311 1286 2349 uel
1336 2310 1567 2361 ubicumque
1617 2324 1679 2350 ne-

269 2381 375 2407 cesse
403 2373 514 2407 esset.

375 2470 395 2502 2)
429 2469 478 2513 in]
503 2470 546 2503 dc
572 2471 612 2503 K
675 2471 695 2503 5
722 2471 812 2505 intra
839 2472 914 2505 ΕΚ
977 2472 995 2505 7
1030 2470 1300 2511 subiectionem,
1335 2470 1575 2505 obedientiam
1608 2472 1683 2505 ΕΚ

274 2523 310 2557 11
342 2523 502 2557 introiuit
520 2524 595 2557 ΕΚ
642 2523 732 2567 frat]
758 2525 907 2558 fratrum
932 2525 1008 2559 ΕΚ
1057 2525 1099 2558 14
1124 2523 1292 2558 timorem
1316 2524 1357 2559 K
1361 2523 1371 2543 ¹
1426 2523 1566 2567 mentis]
1586 2526 1624 2565 -1-
1647 2528 1681 2558 et

272 2577 346 2610 ΕΚ
410 2577 451 2609 15
478 2580 647 2619 actusque
674 2578 748 2610 ΕΚ
813 2578 916 2620 longe
942 2589 963 2612 a
988 2589 1025 2611 se
1052 2579 1092 2612 K
1149 2578 1193 2611 23
1220 2588 1336 2621 neque
1361 2578 1410 2610 Br
1470 2578 1514 2611 :215
1539 2577 1607 2620 dei]
1639 2580 1676 2617 -l-

272 2640 347 2663 esse
374 2630 447 2662 ΕΚ
493 2630 536 2662 27
565 2630 810 2664 conum-sionis
837 2631 906 2664 ΕΚ
957 2632 1001 2664 323
1027 2631 1128 2673 sicut]
1156 2630 1185 2664 si
1211 2629 1265 2665 Κι
