1834 2967
851 110 1114 147 —45„-

169 258 249 292 867
665 251 710 296 6.
742 250 866 293 Item
898 250 952 292 de
983 249 1079 293 alio
1112 249 1265 293 iudeo.
1291 251 1305 304 Η

276 332 489 421 Narrauit
519 333 630 371 nobis
651 333 842 372 lohannes
863 333 1038 370 Meletine
1068 331 1225 370 ecclesie
1256 331 1441 370 diaconus
1467 332 1696 371 miraculum

392 393 493 441 quod
537 393 677 430 factum
719 397 776 430 est
817 392 856 429 in
901 391 1099 441 prouincia
1139 390 1298 429 Minoris
1338 391 1532 431 Armenie.
1599 391 1699 430 Sunt

278 451 380 490 enim
410 452 537 501 plures
567 451 698 489 ouium
727 463 860 500 greges
889 450 927 488 iu
957 450 1028 488 illis
1057 450 1242 500 partibus.

226 514 249 550 5
385 510 531 549 Accidit
560 515 687 548 autem
718 515 759 548 ut
787 515 1035 560 pascerentur
1064 522 1156 548 oues
1186 508 1386 547 cuiusdam
1414 509 1548 548 hebrei
1582 509 1699 548 simul

278 583 367 608 cum
397 570 534 608 ouibus
566 569 877 607 christianorum.
933 568 1052 606 Erant
1081 581 1233 618 quoque
1263 567 1326 617 qui
1356 569 1565 618 pascebant
1590 568 1698 618 pueri

278 629 473 668 christiani
504 634 540 667 et
568 641 670 666 unus
700 628 867 666 hebreus
897 641 985 665 cum
1015 627 1081 665 eis.
1140 627 1238 665 Cum
1258 633 1388 665 autem
1417 640 1484 677 per
1512 627 1701 677 plurimos

279 688 359 727 dies
388 688 494 738 pueri
525 693 654 726 essent
683 687 721 724 in
753 700 886 731 unum,
922 687 1089 735 quadam
1118 687 1190 733 die,
1220 693 1261 724 ut
1290 692 1348 724 est
1383 687 1621 725 consuetudo
1651 688 1697 724 ad

279 746 491 794 meridiem,
520 747 650 784 iuncta
680 751 771 784 sunt
791 758 951 796 peccora
970 745 1008 783 in
1036 747 1203 795 quodam
1228 745 1311 783 loco
1340 745 1525 784 umbroso
1545 751 1703 796 propter

203 809 251 845 10
280 807 456 845 ardorem
499 805 601 844 solis.
660 805 923 843 Consedentes
966 817 1059 842 uero
1099 804 1207 854 pueri
1248 805 1289 842 in
1330 817 1465 850 unum,
1514 811 1698 855 ceperunt

277 866 408 903 ludere
436 865 535 902 inter
564 877 605 902 se
635 863 825 913 simulque
854 864 1055 902 comedere
1084 876 1129 901 ex
1161 863 1222 902 his
1251 876 1325 913 que
1354 876 1486 902 secum
1512 864 1697 902 ferebant.

278 925 381 962 lnter
417 937 514 973 quos
550 928 630 961 erat
668 922 782 960 simul
825 927 862 960 et
899 921 1092 973 predictus
1134 935 1228 972 puer
1268 923 1447 961 hebreus.
1505 923 1700 972 Ceperunt

279 984 384 1034 pueri
407 982 603 1021 christiani
624 982 733 1031 quasi
752 982 921 1020 ludendo
942 981 1066 1020 dicere
1085 982 1247 1020 hebreo:
1268 981 1317 1020 Vt
1338 981 1424 1030 quid
1452 995 1532 1020 non
1552 981 1642 1020 facis
1663 986 1700 1019 te

280 1042 546 1089 christianum,
575 1041 672 1079 sicut
693 1046 730 1078 et
759 1054 830 1079 nos
859 1044 1019 1078 sumus?
1061 1040 1135 1087 Qui
1165 1040 1379 1090 respondit:
1409 1041 1594 1079 Parentes
1623 1039 1708 1086 mei·

156 1107 260 1142 E145
277 1101 409 1140 hebrei
439 1106 530 1139 sunt
558 1106 594 1139 et
622 1100 705 1138 illos
726 1098 740 1150 ΙΙ
762 1099 890 1147 timeo,
922 1100 1010 1148 quia
1039 1112 1108 1148 ego
1129 1099 1328 1137 nolueram
1348 1100 1429 1137 fieri
1454 1099 1698 1140 christianus,

280 1161 467 1199 Dixerunt
490 1163 524 1198 ei
544 1159 741 1198 christiani
762 1159 886 1210 pueri:
918 1158 984 1196 Vis
1004 1163 1046 1197 ut
1065 1158 1250 1197 faciamus
1267 1164 1302 1196 te
1330 1158 1393 1196 hic
1423 1158 1704 1197 christianum?

281 1219 512 1269 Respondit:
543 1218 686 1257 Eciam.

387 1278 580 1328 Ceperunt
609 1283 737 1316 autem
758 1277 865 1327 pueri
893 1277 1020 1327 aliqua
1040 1277 1159 1315 uerba
1179 1276 1455 1327 scripturarum
1477 1289 1591 1326 super
1611 1289 1700 1315 eum

154 1344 261 1378 Τὸῖν
282 1337 406 1376 dicere
436 1350 509 1387 que
537 1337 576 1375 in
607 1336 766 1375 ecclesia
785 1336 983 1374 audierant
1005 1337 1222 1375 sacerdotes
1249 1336 1423 1386 psallere.
1446 1334 1461 1386 ΙΙ
1508 1336 1554 1374 Et
1582 1336 1700 1374 effun-

201 1399 252 1437 20
281 1398 414 1435 dentes
443 1409 558 1446 super
587 1409 676 1434 eum
706 1409 843 1445 aquam
876 1409 922 1434 ex
950 1395 1096 1445 lagenis
1126 1408 1221 1445 quas
1248 1408 1380 1434 secum
1408 1395 1583 1434 ferebant
1610 1394 1703 1446 bap-

282 1456 497 1495 tizauerunt
526 1469 628 1503 eum,
667 1461 708 1494 ut
737 1454 790 1494 eis
820 1455 948 1493 uisum
977 1461 1045 1502 est,
1076 1455 1115 1493 in
1146 1454 1304 1493 nomine
1332 1454 1458 1493 Patris
1488 1459 1525 1493 et
1553 1453 1635 1493 Filii
1664 1459 1702 1493 et

283 1516 446 1565 Spiritus
475 1515 608 1554 sancti.
653 1515 924 1564 Tollentesque
943 1527 1085 1564 panem
1105 1527 1220 1563 quem
1240 1515 1491 1561 adduxerant,
1522 1514 1702 1552 dixerunt

282 1588 396 1625 super
443 1587 552 1613 eum:
602 1574 753 1613 Christe
796 1574 898 1612 Deus
947 1579 1087 1620 noster,
1133 1573 1312 1619 benedic;
1360 1574 1624 1622 dederuntque
1665 1572 1701 1611 ei

281 1634 468 1673 dicentes:
498 1633 650 1684 Accipe,
682 1634 839 1672 comede
859 1647 905 1672 ex
935 1637 1067 1672 sancta
1088 1632 1362 1671 communione
1392 1632 1501 1671 sicuti
1522 1645 1605 1670 nos.
1654 1631 1700 1670 Et

202 1695 251 1732 :25
281 1693 472 1744 accipiens
501 1706 596 1743 puer
625 1693 801 1732 comedit.
859 1693 941 1731 Hec
969 1698 1099 1731 autem
1128 1692 1167 1730 in
1197 1691 1438 1742 simplicitate
1466 1691 1561 1730 etin
1592 1691 1702 1729 inno-

282 1752 406 1791 centia
434 1757 518 1791 acta
546 1758 637 1791 sunt
665 1766 687 1791 a
715 1752 844 1803 pueris
872 1751 912 1790 in
941 1765 1045 1801 agro,
1104 1751 1180 1790 Sed
1210 1751 1311 1789 Deus
1351 1750 1596 1800 omnipotens
1634 1749 1700 1799 qui

282 1813 364 1851 uult
405 1825 540 1851 omnes
580 1812 760 1850 homines
802 1812 931 1850 saluos
973 1811 1054 1849 fieri
1093 1816 1129 1849 et
1168 1811 1216 1848 ad
1254 1810 1489 1860 agnitionem
1529 1808 1700 1848 ueritatis

173 1876 256 1910 1387
284 1872 428 1919 uenire,
468 1872 533 1922 qui
570 1871 680 1910 dixit:
722 1871 804 1909 Nisi
846 1870 1024 1909 conuersi
1065 1869 1210 1908 fueritis
1253 1875 1290 1908 et
1328 1869 1546 1908 efficiamini
1567 1867 1581 1918 ΙΙ
1602 1868 1700 1907 sicut

283 1931 443 1982 paruuli⁷
474 1944 554 1969 non
583 1930 772 1970 intrabitis
801 1931 840 1968 in
869 1942 1033 1980 regnum
1062 1929 1245 1976 celorum,
1275 1941 1484 1979 puerorum
1507 1940 1604 1978 opus
1632 1940 1701 1978 per

203 1991 255 2027 30
284 1991 515 2041 presentiam
544 1990 666 2029 sancti
695 1990 859 2040 Spiritus
889 1989 1073 2027 ueraciter
1102 1987 1392 2027 demonstrauit.

141 2055 268 2089 ΚῙΞϋγ
388 2050 494 2089 Hora
522 2055 651 2089 autem
672 2048 687 2100 ΙΙ
707 2049 927 2100 uespertina
955 2048 1100 2087 reuersi
1138 2053 1229 2086 sunt
1259 2047 1365 2098 pueri
1394 2047 1591 2086 christiani
1620 2060 1700 2085 una

284 2122 369 2147 cum
401 2109 538 2148 ouibus
568 2110 615 2148 ad
645 2110 780 2148 domos
810 2121 911 2149 suas,
969 2107 1149 2146 Similiter
1178 2112 1215 2146 et
1243 2107 1409 2146 hebreus
1438 2120 1617 2145 reuersus
1646 2111 1699 2144 est

284 2168 323 2206 in
362 2169 520 2207 domum
559 2182 688 2215 suam3
730 2174 766 2206 et
806 2167 895 2217 quid
934 2167 1078 2206 dicam:
1117 2167 1317 2211 hebreum,
1362 2166 1426 2215 qui
1455 2165 1530 2205 iam
1568 2170 1646 2204 erat
1677 2177 1700 2203 a

285 2233 418 2266 sancto
455 2227 679 2277 baptismate
714 2227 979 2266 illuminatus?
1035 2226 1133 2265 Cum
1172 2230 1299 2264 autem
1339 2225 1574 2264 consedisset
1610 2237 1699 2263 cum

206 2288 256 2324 35
285 2286 508 2337 parentibus
529 2287 607 2325 suis
623 2288 669 2325 ad
700 2287 1027 2332 manducandum⁷
1057 2290 1241 2335 ceperunt
1256 2290 1433 2335 parentes
1449 2284 1529 2323 eius
1549 2283 1700 2322 odorari

287 2345 558 2384 suauissimum
593 2347 751 2384 odorem
781 2346 888 2395 quasi
919 2359 964 2384 ex
1000 2350 1199 2395 unguento
1228 2344 1410 2395 precioso.
1467 2343 1509 2382 In
1548 2348 1698 2382 tantum

393 2454 413 2483 9
440 2462 568 2494 pecora
595 2453 668 2485 ΕΚ
735 2452 778 2485 10
803 2454 836 2485 et
863 2462 959 2485 cons.
985 2450 1086 2494 pueri
1114 2451 1188 2484 EK
1248 2450 1287 2483 12
1315 2451 1486 2493 ceperunt
1517 2459 1600 2491 ergo
1628 2449 1698 2483 ΕΚ

292 2505 332 2538 14
359 2505 549 2548 respondet
572 2503 621 2538 T¹
672 2506 716 2538 20
742 2505 942 2548 lagunculis
969 2505 1044 2538 ΕΚ
1091 2504 1134 2537 2-2
1153 2514 1258 2547 quein
1286 2505 1333 2537 Bs
1380 2503 1425 2536 93
1449 2502 1609 2536 Christus
1629 2502 1703 2536 ΕΚ

287 2559 332 2591 ⁶24
366 2558 456 2592 sicut
489 2560 523 2591 et
558 2558 597 2590 K
667 2558 712 2591 25
744 2557 810 2600 in2]
842 2569 893 2590 om
931 2559 1002 2591 ΕΚ
1072 2558 1116 2590 26
1154 2556 1249 2600 sunt]
1287 2558 1325 2596 -4-
1361 2560 1396 2590 et
1430 2554 1634 2589 innocentia
1662 2555 1703 2589 K

288 2614 331 2644 :29
358 2615 392 2645 et
421 2621 613 2655 puerorum
641 2612 715 2645 ΕΚ
763 2613 806 2644 ῖῖιέ
834 2612 890 2653 τιεί]
916 2623 935 2644 a
962 2611 1026 2650 B¹;
1054 2611 1110 2653 ad]
1138 2610 1174 2644 in
1201 2611 1240 2644 K
1288 2611 1331 2643 :36
1357 2620 1399 2643 ex
1431 2607 1479 2642 T¹
