1834 2967
848 103 1113 140 —55—

275 229 311 264 et
339 225 480 275 fugere.
539 224 695 264 Tollens
723 238 816 264 uero
845 225 1012 275 gladium
1042 238 1063 263 a
1092 225 1257 275 coquina
1294 226 1465 265 ascendit
1501 226 1539 265 in
1576 226 1687 265 tricli-

275 284 396 332 nium,
425 284 490 322 ubi
519 289 600 323 erat
627 284 764 323 mulier
793 297 880 323 cum
909 284 986 323 filia
1014 297 1095 323 sua.
1151 284 1198 323 Et
1226 297 1315 323 cum
1343 285 1686 335 appropinquasset

275 344 322 382 ad
350 343 507 382 ianuam
527 342 692 391 triclinii,
721 343 847 382 statim
869 356 1074 393 percussus
1095 343 1250 382 cecitate
1270 344 1530 393 nequissimus
1551 357 1686 383 seruus

274 415 354 440 non
383 403 537 441 ualebat
565 415 690 452 neque
718 402 758 440 in
787 402 993 441 triclinium
1022 404 1229 441 ascendere
1258 416 1383 452 neque
1411 402 1451 441 in
1481 403 1685 453 coquinam

223 464 246 501 5
275 462 519 500 descendere.
576 461 674 500 Cum
703 467 831 500 autem
860 475 928 512 per
956 474 1075 500 unam
1104 462 1241 500 horam
1270 461 1351 500 uim
1380 461 1450 500 sibi
1479 462 1617 501 faceret
1645 466 1687 501 ut

275 520 447 567 intraret,
476 526 511 560 et
533 534 612 559 non
642 521 797 568 ualeret,
827 521 924 571 cepit
953 534 1092 560 uocare
1121 520 1319 560 dominam
1341 534 1450 560 suam
1481 527 1523 560 ut
1549 521 1620 559 iret
1639 521 1687 559 ad

149 586 257 622 K132
276 592 377 618 eum.
433 580 499 619 Illa
534 585 660 619 autem
697 580 794 630 cepit
831 580 1025 627 admirari,
1047 580 1061 630 ΙΙ
1082 581 1275 630 quomodo
1319 585 1437 619 staret
1479 580 1519 619 in
1561 580 1687 619 medio

275 639 479 678 ianuarum
508 644 544 678 et
563 652 642 678 non
673 644 847 690 pergeret
875 640 922 677 ad
950 639 1086 689 ipsam.
1143 639 1322 689 Dixitque
1352 639 1402 678 ei:
1434 639 1494 678 Tu
1521 638 1611 677 ueni
1640 639 1688 677 ad

276 711 356 746 me3
386 698 439 737 sic
468 698 573 737 enim
601 699 719 737 decet.
773 698 977 737 Nesciebat
1006 698 1109 737 enim
1140 698 1228 748 quia
1257 711 1368 737 cecus
1391 699 1544 737 effectus
1574 703 1686 737 esset.

200 761 248 798 10
276 757 383 808 Cepit
411 770 503 796 uero
533 771 668 796 seruus
705 757 826 807 magis
865 771 950 795 eam
987 770 1128 796 uocare
1165 762 1202 796 et
1230 757 1431 796 coniurare
1468 762 1508 796 ut
1545 757 1615 796 iret
1652 762 1688 796 et

275 817 599 867 appropinquaret
628 817 672 855 ei.
729 817 795 855 Illa
832 822 960 855 autem
999 816 1138 855 iurauit
1176 819 1239 855 se*
1275 830 1519 867 nequaquam
1548 816 1602 855 ire
1640 817 1687 855 ad

276 888 376 914 eum.
433 875 507 922 Qui
536 875 646 914 dixit:
677 875 821 914 Saltem
850 875 1016 925 puellam
1044 875 1152 914 mitte
1181 877 1229 914 ad
1257 889 1330 916 me.
1387 876 1457 915 Cui
1492 876 1689 926 respondit

275 934 429 973 mulier:
458 934 592 984 Neque
621 934 746 984 puella
774 935 902 973 ueniet
931 935 978 973 ad
1018 939 1054 973 te
1083 948 1208 984 neque
1237 948 1319 985 ego.
1375 936 1454 974 Iam
1494 935 1571 973 dixi
1608 935 1688 982 tibi,

277 994 308 1032 si
336 993 395 1032 uis
424 993 568 1040 uenire,
599 993 708 1040 ueni;
739 993 798 1032 sin
828 998 970 1040 autem,
1001 999 1059 1032 sta
1087 993 1174 1032 illic.

200 1055 247 1093 15
377 1052 487 1091 Tunc
515 1051 608 1090 uidit
638 1052 727 1102 quia
766 1051 883 1090 nichil
913 1051 1031 1090 ualuit
1051 1065 1097 1090 ex
1130 1052 1190 1091 his
1210 1066 1284 1103 que
1304 1052 1534 1103 cogitauerat
1554 1053 1688 1100 facere,

276 1117 503 1161 arreptoque
531 1111 654 1161 gladio
693 1111 883 1150 transfixit
921 1111 1069 1150 uiscera
1113 1124 1194 1151 sua.
1263 1111 1429 1150 Domina
1465 1117 1607 1158 autem,
1648 1117 1690 1150 ut

277 1170 369 1209 uidit
399 1171 500 1220 quod
520 1171 659 1209 fecerat
678 1173 719 1209 in
738 1173 977 1220 semetipsmn
998 1173 1250 1221 nequissimus
1270 1184 1418 1217 seruus,
1448 1170 1689 1210 exclamauit.

277 1231 388 1278 Quod
417 1229 615 1269 audientes
643 1229 760 1268 uicini
788 1235 1062 1268 concurrentes
1101 1229 1215 1269 simul
1252 1243 1340 1269 cum
1379 1230 1607 1280 pretorianis
1635 1230 1691 1268 in-

277 1294 468 1328 uenerunt
497 1302 586 1328 eum
607 1288 838 1328 semiuiuum
863 1294 898 1328 et
926 1290 1052 1328 adhuc
1073 1288 1294 1339 spirantem.
1334 1290 1382 1328 Et
1410 1289 1692 1340 interrogantes

137 1354 260 1388 E15ov
279 1362 366 1387 eum
396 1361 465 1399 pro
495 1362 570 1398 quo
597 1349 672 1387 hoc
701 1347 863 1396 fecisset,
893 1348 1091 1387 confessus
1111 1346 1126 1399 ΙΙ
1147 1353 1204 1388 est
1232 1362 1361 1388 coram
1397 1348 1578 1387 omnibus
1618 1361 1693 1398 que

276 1420 387 1458 agere
416 1407 557 1455 uoluit;
588 1413 624 1446 et
651 1413 744 1446 tunc
772 1407 991 1458 exspirauit.

383 1467 495 1506 Tunc
524 1468 711 1506 dederunt
749 1480 884 1506 omnes
918 1467 1072 1505 laudem
1100 1467 1179 1506 Deo
1223 1466 1285 1516 qui
1325 1467 1491 1505 saluauit
1527 1472 1690 1506 matrem

277 1540 364 1564 cum
394 1525 469 1565 filia
497 1531 534 1565 et
563 1526 706 1565 saluat*
735 1539 870 1565 omnes
899 1539 966 1576 per
1002 1526 1186 1565 auxilium
1216 1531 1348 1565 sancte
1376 1525 1579 1565 Genitricis
1609 1539 1689 1565 sue.

275 1587 410 1624 Amen.

197 1722 246 1760 Ξῖ)
334 1721 404 1763 12.
452 1721 525 1763 De
566 1721 660 1763 hoc
700 1720 829 1775 quod
871 1720 1001 1762 mala·
1041 1732 1310 1775 prauorum
1353 1719 1630 1774 impediunt

755 1791 911 1834 uitam
947 1791 1203 1833 bonorum.

340 1888 353 1921 t
381 1881 455 1921 hoc
484 1881 596 1920 nobis
625 1881 727 1919 idem
757 1881 900 1919 abbas&
919 1880 1111 1919 Palladius
1141 1879 1315 1918 recitauit
1335 1880 1438 1929 quod
1459 1879 1635 1930 quidam*
1655 1880 1689 1919 ei

366 1941 569 1980 nauclerus
590 1940 773 1988 narrauit,
803 1941 861 1978 uir
890 1940 1010 1978 fidelis
1040 1939 1252 1990 religiosus,
1283 1938 1371 1989 quia
1401 1940 1568 1989 quodam
1597 1945 1688 1979 tem-

277 2013 368 2050 pore
403 2013 490 2038 cum
529 1999 813 2050 nauigaremus,
856 1999 1049 2038 habebam
1091 1998 1129 2037 in
1169 2012 1270 2037 naue
1311 2011 1464 2037 mecum
1502 1998 1689 2049 plurimos

198 2062 249 2099 30
277 2060 457 2110 epybatas
486 2060 679 2098 masculos
700 2064 736 2098 et
763 2059 925 2098 feminas
955 2058 1081 2097 simul.
1128 2058 1334 2097 Venientes
1355 2063 1483 2097 autern
1503 2058 1541 2096 111
1563 2058 1689 2097 medio

277 2118 397 2168 pelagi
427 2131 563 2157 omnes
601 2118 836 2168 nauigabaut
875 2131 1059 2169 prospero
1089 2131 1216 2164 cursu,
1253 2117 1314 2156 alii
1349 2116 1389 2155 111
1418 2117 1689 2156 Constantino-

276 2176 404 2227 polim,
441 2177 503 2216 alii
541 2177 579 2216 in
609 2178 883 2216 Alexandriam
913 2190 1007 2216 aura
1035 2177 1150 2216 flante
1171 2177 1357 2224 secunda;
1387 2178 1482 2215 nos*
1511 2176 1579 2215 soli
1609 2189 1688 2216 non

276 2237 500 2275 ualebamus
542 2237 735 2287 nauigare.
804 2236 980 2275 Fecimus
1027 2242 1155 2275 autem
1202 2235 1283 2274 dies
1330 2234 1561 2285 quindecim,
1609 2248 1688 2274 non

276 2297 448 2334 ualentes
490 2309 561 2334 nos
590 2309 748 2335 mouere
785 2310 807 2335 a
836 2297 917 2335 loco
961 2296 999 2334 111
1032 2309 1106 2346 quo
1137 2308 1302 2334 eramus.
1358 2296 1433 2333 Pro
1464 2308 1539 2345 qua
1568 2308 1608 2334 re
1649 2295 1687 2334 in

385 2392 399 2424 1
428 2402 511 2434 ergo
538 2393 609 2431 K⁸;
648 2391 755 2434 igitur
780 2393 815 2425 Ε
886 2392 908 2425 S
939 2390 1049 2435 perg]
1081 2391 1145 2425 iret
1179 2391 1254 2425 ΕΚ
1326 2389 1378 2434 tu]
1413 2392 1452 2431 -1-
1492 2389 1587 2424 enim
1613 2390 1693 2424 ΕΚ

275 2446 296 2477 9
315 2444 485 2488 quoniam
499 2463 543 2467 —
558 2445 674 2479 fuerat
691 2446 763 2478 ΕΚ
815 2446 858 2479 10
875 2455 1001 2479 seruus
1018 2445 1071 2478 Κ8
1119 2443 1261 2487 uocare]
1279 2443 1434 2478 clamare
1451 2443 1602 2478 uocibus
1616 2444 1689 2477 ΕΚ

279 2498 319 2532 12
358 2498 474 2531 saltim
514 2498 591 2532 ΕΚ
664 2499 706 2532 16
744 2498 873 2541 gladio]
913 2498 1094 2542 pungioue
1129 2499 1166 2532 K
1239 2496 1372 2540 autem]
1410 2499 1449 2539 -ἣ-
1485 2496 1579 2531 illius
1613 2497 1691 2531 ΕΚ

275 2552 316 2585 21
338 2551 464 2594 uoluit]
489 2551 709 2594 cogitauerat
726 2553 798 2585 ΕΚ
847 2552 944 2594 tunc]
963 2551 1011 2585 sic
1030 2552 1100 2585 ΕΚ
1151 2551 1195 2585 23
1222 2549 1445 2584 sanctissime
1463 2551 1501 2584 Κ
1549 2551 1595 2584 30
1620 2551 1688 2594 epi-

275 2605 376 2639 batas
401 2605 480 2639 ΕΚ
526 2605 566 2638 31
597 2604 646 2648 111]
671 2615 723 2638 om
751 2606 822 2639 BT
867 2605 911 2638 33
937 2604 1071 2648 autem]
1097 2603 1192 2638 enim
1218 2604 1295 2638 ΕΚ
