1834 2967
706 99 1000 137 —Xlx—

144 220 216 258 hec
244 225 350 270 gesta
377 220 503 259 latinis
533 222 690 260 auribus
720 223 870 260 tradere
891 222 1031 267 curavi,
1063 228 1250 271 quatenus
1283 237 1347 273 per
1368 225 1501 263 merita
1522 232 1557 264 et

143 278 458 318 intercessionem
488 285 619 318 sancte
647 280 814 318 martiris
843 281 1098 319 scribentibus
1128 295 1171 319 ac
1199 282 1412 331 legentibus
1446 290 1558 333 atque

144 338 341 388 diligenter
369 338 611 377 audientibus
641 352 791 377 necnon
815 344 850 377 et
888 352 977 377 vera
996 352 1080 377 esse
1110 342 1351 380 credentibus
1373 355 1449 381 una
1469 357 1556 381 cum

144 397 227 447 ipsa
256 397 395 447 gaudia
423 411 643 436 mereamur
672 398 856 447 consequi
886 398 1129 448 sempiterna.
1186 399 1325 438 Amen.

249 457 324 494 Am
364 457 508 495 Sehlufz
546 456 624 503 (fol.
651 457 760 504 184v)
802 457 894 506 folgt
933 458 1033 495 noch
1073 457 1132 495 die
1169 458 1297 497 Notiz:
1341 459 1459 498 Passa
1501 467 1557 499 est

144 521 272 554 autem
301 521 414 564 atque
443 516 661 554 examinata
787 517 910 565 primo
941 516 1094 565 quidem
1124 530 1145 555 a
1175 522 1280 567 patre
1309 531 1378 556 suo
1398 519 1555 565 Licinio,

144 575 280 613 deinde
308 589 330 613 a
358 574 516 613 Sedecia
545 574 781 623 Saborioque
810 580 846 613 et
864 575 1100 614 Numeriano
1130 576 1206 614 filio
1227 576 1442 616 sebastiani
1472 592 1556 616 nec-

144 647 224 672 non
254 639 290 672 et
318 648 340 672 a
368 634 531 684 prefecto
560 633 718 672 nomine
747 634 880 672 Bahdo
909 638 946 672 et
973 648 996 672 a
1026 634 1187 673 Saborio
1223 648 1310 685 rege
1338 636 1555 675 Persarum.

144 693 320 731 Civitates
349 697 476 731 autem
505 692 546 731 in
575 693 713 742 quibus
743 706 856 743 passa
876 698 933 732 est
960 694 1033 731 hee
1062 699 1169 732 sunt:
1201 695 1389 744 Magedon
1413 696 1554 740 civitas,

143 752 182 790 in
212 765 287 801 qua
315 757 405 790 nata
434 757 502 798 est,
533 752 740 798 Callinicia,
866 752 1132 801 Constantina,
1168 754 1410 792 Mesembria.
1467 755 1555 802 Qui·

144 810 217 849 evit
336 811 375 849 in
417 812 513 850 urbe
550 811 704 860 Ephe-sa
732 812 762 848 V
793 811 852 850 die
890 812 1036 850 mensis
1064 812 1179 850 Madii
1217 817 1253 851 et
1290 826 1369 851 non
1408 819 1465 851 est
1502 814 1555 851 in-

144 875 301 908 ventum
331 883 469 921 corpus
499 871 591 917 eius,
623 869 806 919 quoniam
836 871 1028 909 transtulit
1058 870 1160 909 illam
1181 872 1295 910 Deus.
1329 895 1374 899 —
1407 872 1557 922 Scripta

144 934 201 966 est
229 935 358 967 autem
386 930 458 968 hec
487 935 594 979 gesta
613 942 726 979 greco
747 943 925 968 sermone
954 930 1002 968 ab
1030 930 1354 980 Ampelliano
1374 932 1555 981 magistro

144 1000 213 1025 suo
244 993 322 1026 tam
352 989 522 1038 pleniter,
554 988 663 1027 sicuti
691 988 729 1026 in
762 989 972 1027 Grecorum
1000 989 1106 1027 libris
1136 1003 1203 1028 seu
1233 990 1426 1028 codicibus
1453 991 1554 1028 inve-

144 1047 257 1086 nitur.
313 1048 565 1098 Interpretata
606 1060 695 1086 vero
737 1054 793 1086 est
835 1061 901 1086 seu
944 1049 1021 1096 (fol.
1065 1047 1154 1098 180)
1199 1055 1235 1087 et
1277 1049 1493 1100 conscripta
1534 1063 1555 1088 a

142 1107 360 1145 Johanne
389 1107 658 1157 presbitero
686 1112 729 1145 et
756 1108 983 1146 monacho
1013 1107 1051 1145 in
1082 1109 1176 1145 urhe
1204 1108 1501 1148 Bizantium.

250 1166 333 1204 Aus
353 1166 499 1204 diesem
519 1166 658 1215 Prolog
678 1166 843 1215 ergeben
865 1166 947 1204 sicli
967 1166 1140 1216 folgende
1160 1167 1311 1205 Punkte
1330 1167 1390 1205 fiir
1410 1181 1555 1206 unsern

144 1226 341 1264 Johannes
370 1225 600 1263 Monachus:
632 1224 681 1262 Er
711 1226 847 1274 gehort
875 1225 1000 1263 seiner
1019 1225 1306 1276 Abstammung
1334 1227 1432 1265 nach
1453 1227 1557 1265 wohl

145 1284 270 1323 sicher
306 1286 405 1323 nach
434 1284 621 1323 Amalfi
649 1285 729 1322 und
767 1285 913 1322 seinem
942 1285 1080 1323 Berufe
1119 1286 1214 1323 nach
1247 1285 1285 1323 in
1317 1285 1378 1323 ein
1407 1286 1556 1324 Kloster

144 1343 183 1382 in
213 1345 280 1382 der
309 1344 464 1394 Gegend
494 1343 617 1382 dieser
645 1343 793 1382 damals
823 1357 865 1382 so
894 1344 1097 1394 wichtigen
1129 1343 1248 1391 stadt,
1278 1345 1471 1394 gleichviel
1508 1346 1556 1383 ob

144 1417 235 1442 man
265 1417 347 1442 nun
376 1404 444 1442 das
474 1404 617 1441 nabere
637 1403 1072 1453 Dreifaltigkeitskloster
1101 1403 1139 1441 in
1171 1403 1300 1442 Cava
1329 1404 1557 1454 (gegrtindet

143 1477 198 1501 ca.
230 1465 323 1511 990)
353 1463 444 1501 oder
474 1464 541 1501 das
571 1462 893 1501 Severinskloster
928 1463 966 1501 in
996 1463 1185 1513 Neapel
1214 1464 1435 1502 annehmen
1466 1464 1554 1502 will.

144 1522 231 1560 Dies
260 1522 308 1560 ist
336 1523 433 1561 auch
463 1522 584 1560 sehon
615 1522 817 1571 deswegen
849 1523 938 1560 sehr
968 1522 1206 1572 begreiflich,
1236 1523 1321 1561 weil
1350 1523 1487 1572 gerade
1516 1523 1554 1560 in

142 1582 282 1620 Amalfi
312 1595 378 1620 zur
408 1581 488 1620 Zeit
515 1583 582 1620 der
611 1581 800 1631 Republik
832 1581 893 1620 cin
923 1582 1129 1631 ungemein
1160 1595 1268 1632 reger
1296 1582 1467 1620 Verkehr
1487 1582 1557 1620 mit

143 1643 232 1680 dem
272 1654 419 1691 ganzen
461 1641 606 1687 Orient‚
650 1641 861 1680 besonders
905 1642 992 1679 dem
1034 1641 1296 1691 griechischen
1345 1642 1554 1680 herrschte.

143 1701 268 1740 Unser
287 1701 483 1739 Johannes
504 1700 622 1739 selbst
635 1700 744 1738 weist
765 1713 846 1738 nun
867 1701 935 1738 auf
950 1700 1062 1738 einen
1083 1701 1252 1738 anderen
1268 1700 1287 1737 J
1293 1701 1466 1738 ohannes
1481 1701 1555 1738 den

143 1761 362 1798 bekannten
392 1760 588 1798 Johannes
617 1759 810 1798 Diaconus
837 1759 1113 1809 Neapolitanus
1142 1759 1216 1804 (bis
1245 1773 1298 1797 ca.
1327 1760 1444 1806 9301»
1473 1759 1555 1806 hin,

143 1821 210 1858 der
225 1819 292 1858 auf
300 1819 425 1857 Bitten
447 1818 573 1857 seines
587 1818 707 1857 Abtes
722 1819 921 1857 <Iohannes
938 1818 1064 1868 fleissig
1083 1831 1152 1856 aus
1173 1819 1259 1856 dem
1281 1818 1554 1857 Griechischen

144 1877 390 1924 iibe1·setzte¹‚
420 1878 492 1916 wie
521 1891 587 1916 vor
617 1878 729 1916 allem
759 1877 818 1916 die
847 1878 932 1916 Vita
955 1891 984 1916 s.
1001 1877 1145 1916 Nicolai
1174 1877 1339 1928 episcopi
1367 1878 1555 1926 Myrensis

143 1937 311 1983 beweist,
353 1938 412 1975 die
452 1950 492 1975 er
529 1938 652 1976 schon
680 1937 748 1975 mit
787 1938 838 1976 25
866 1937 1008 1975 Jahren
1051 1951 1120 1975 aus
1160 1937 1246 1975 dem
1283 1937 1553 1975 Griechischen

144 1996 355 2036 tibersetzt2
383 1997 462 2043 hat,
492 1996 563 2035 wie
592 2009 661 2034 aus
691 1997 779 2034 dem
808 1997 946 2046 Prolog
975 1996 1138 2034 deutlich
1168 1997 1420 2045 hervorgeht:

250 2057 327 2106 Ego
369 2056 566 2094 Johannes
603 2055 784 2106 indignus
822 2055 1018 2101 diaconus,
1055 2068 1191 2093 seruus
1229 2054 1349 2094 sancti
1385 2055 1554 2094 Januarii

143 2115 308 2154 multum
337 2116 511 2153 deuitans
540 2115 606 2153 tibi
634 2127 697 2152 me
726 2114 854 2165 sepius
884 2114 1044 2164 roganti,
1074 2114 1188 2152 frater
1213 2114 1414 2161 Athanasi‚
1443 2115 1554 2152 rusti-

144 2174 264 2213 citatis
294 2175 534 2212 obstaculum
563 2174 882 2224 opponebam...
914 2175 1004 2212 dent
1033 2186 1121 2223 ergo
1150 2174 1304 2211 ueniam
1333 2173 1435 2220 etati,
1464 2174 1555 2211 dent

265 2321 275 2341 ¹
303 2321 353 2355 Cf.
381 2321 424 2355 M.
452 2320 679 2361 Manitius,
707 2319 916 2353 Geschichte
948 2319 1010 2352 der
1042 2319 1102 2352 lat.
1129 2318 1308 2352 Literatur
1342 2318 1404 2352 des
1428 2318 1554 2352 Mitte]—

143 2376 251 2410 alters
276 2375 303 2417 Ι,
330 2374 507 2408 Munchen
536 2374 636 2413 1911,
665 2374 742 2406 711.

264 2427 278 2447 ²
303 2428 363 2461 Ed.
397 2428 500 2470 Ang.
528 2426 625 2467 Mai,
662 2425 889 2469 spicilegium
919 2425 1126 2459 Romanum
1157 2425 1255 2464 1840,
1283 2424 1338 2464 IV,
1366 2424 1553 2457 324-339

145 2493 188 2516 ex
214 2482 290 2516 cod.
317 2481 376 2515 lat.
404 2481 525 2514 vallic.
552 2480 567 2513 I
594 2480 648 2520 (cf.
675 2480 768 2513 oben
794 2490 826 2522 p.
845 2478 941 2512 XVII
958 2479 1058 2519 n.⁹2);
1085 2477 1335 2518 Falconius,
1361 2477 1394 2511 S.
1419 2476 1554 2510 Nicolai

143 2538 221 2569 acta
246 2534 468 2579 primigenia,
494 2533 626 2577 Neapel
654 2533 754 2573 1751,
785 2532 978 2566 112—122.
1023 2531 1073 2566 Cf.
1092 2531 1273 2574 Anrich‚
1299 2531 1466 2573 Ausgahe
1492 2531 1554 2564 der

143 2588 273 2632 griech.
292 2588 372 2622 Vita
396 2588 458 2622 des
482 2586 645 2621 Nicolaos
671 2585 813 2630 Leipzig
841 2585 929 2619 1913
956 2585 992 2626 (Ι.
1011 2585 1075 2620 Bd.
1094 2585 1225 2626 Texte).

1362 2653 1410 2680 11*
