1834 2967
860 191 1118 228 -24-

167 320 270 355 1⁴:136
391 315 493 353 Inter
520 315 592 353 hec
621 319 748 353 autem
779 319 859 352 erat
888 315 1114 352 Theodorus
1143 314 1314 363 cogitans
1345 314 1434 363 quid
1463 327 1576 364 agere
1596 312 1610 363 ΙΙ
1632 313 1696 350 de-

285 373 392 411 beret
419 374 466 412 de
494 386 539 412 eo
569 374 669 423 quod
697 373 906 412 Abramius
927 373 959 411 ei
979 378 1210 423 preceperat.
1250 373 1435 412 Estuabat
1464 373 1568 411 enim
1598 372 1698 410 infra

286 445 327 470 se
355 445 399 470 eo
430 434 530 482 quod
559 445 639 470 non
668 437 815 482 poterat
844 432 1010 482 aliquem
1038 432 1213 471 inuenire
1249 446 1315 482 per
1352 445 1467 482 quem
1504 431 1697 481 dirigeret,

287 491 383 530 sicut
410 491 463 530 illi
489 491 646 531 dixerat.

235 552 258 588 5
394 551 493 598 Quid
534 551 678 590 multat>
735 551 831 590 Cum
876 564 954 589 non
996 552 1167 594 haberet.
1215 551 1305 600 quid
1345 551 1496 597 faceret⁷
1545 563 1616 600 quo
1663 562 1704 587 se

287 615 463 657 uerteret,
503 623 712 648 conuersus
748 616 805 649 est
841 611 887 648 ad
929 609 1187 660 antiphonitin
1231 615 1267 648 et
1313 610 1545 648 saluatorem
1587 621 1702 647 suum

289 669 485 708 Christum
513 669 668 708 lhesum
687 669 726 707 in
748 683 822 719 quo
852 670 1019 708 habebat
1038 669 1215 708 fiduciam
1237 675 1273 708 et
1300 674 1420 708 totam
1449 681 1558 719 spem
1578 680 1702 714 suam,
1758 672 1760 675 '

289 729 374 767 fecit
401 728 568 767 loculum
597 728 766 778 ligneum
797 733 833 766 et
862 728 1030 766 studiose
1057 727 1196 767 liniens
1216 741 1304 766 eum
1334 728 1406 766 fide
1435 726 1557 777 magis
1587 739 1703 775 quam

289 787 371 837 pice
409 792 445 825 et
487 786 686 833 bitumine,
727 786 896 836 reposuit
939 787 1042 825 intus
1078 787 1195 826 libras
1233 787 1314 825 auri
1353 786 1630 836 quinquaginta
1668 790 1705 823 et

216 848 262 884 10
291 846 441 896 scripsit
469 846 668 896 epistolam
699 846 961 884 continentem
990 846 1057 884 ita:
1094 847 1135 884 In
1167 847 1323 885 nomine
1352 846 1421 884 Dei
1459 851 1495 884 et
1533 844 1705 883 domina·

292 904 385 944 toris
424 905 545 944 nostri
578 905 691 943 Ihesu
721 904 862 943 Christi
902 905 978 943 mei
1018 904 1282 955 antiphonitis,
1327 905 1435 955 quasi
1469 917 1629 955 presens
1668 901 1706 941 si

293 966 480 1011 adessem,
523 963 574 1002 ita
617 964 781 1002 salutato
822 964 979 1002 domino
1020 977 1064 1003 ac
1106 965 1347 1003 benefactore
1383 977 1470 1003 meo
1508 962 1706 1002 Abramio,

294 1023 399 1062 Scire
428 1029 464 1061 te
492 1023 580 1061 uolo
610 1022 700 1072 quia
720 1023 799 1061 Deo
828 1036 901 1061 nos
929 1023 1086 1062 iuuante
1113 1023 1197 1062 sani
1218 1029 1254 1062 et
1282 1023 1377 1062 salui
1400 1036 1534 1062 sumus
1555 1035 1705 1061 omnes.

176 1088 280 1123 K118
295 1082 422 1121 Direxi
451 1082 554 1120 enim
583 1082 650 1120 tibi
679 1095 745 1132 per
774 1082 1034 1132 antiphonitin
1067 1096 1196 1121 meum
1219 1082 1233 1133 ΙΙ
1253 1082 1370 1122 libras
1405 1083 1487 1121 auri
1523 1082 1709 1132 quinqua·

223 1144 270 1181 15
299 1141 413 1191 ginta.
471 1141 611 1191 Recipe
654 1154 729 1180 eas.
786 1141 891 1179 Vale.
961 1142 1007 1180 Et
1047 1141 1216 1191 sigillans
1261 1141 1460 1192 epistolam
1502 1142 1629 1192 posuit
1669 1140 1708 1178 in

294 1201 462 1239 loculum
491 1212 606 1250 super
634 1213 771 1239 aurum
801 1206 837 1238 et
874 1201 1056 1239 claudens
1093 1214 1182 1239 eum
1220 1200 1419 1250 diligenter
1454 1200 1579 1239 liniuit
1607 1213 1710 1238 eum

296 1260 370 1298 fide
398 1259 519 1309 magis
540 1273 655 1309 quam
684 1258 777 1309 pice.
835 1259 880 1297 Et
901 1264 1007 1298 stans
1036 1272 1153 1309 supra
1172 1273 1279 1298 mare
1306 1259 1496 1309 aspiciens
1525 1259 1563 1297 in
1586 1260 1711 1297 celum

297 1319 406 1358 dixit:
438 1317 663 1357 Dominator
683 1318 837 1357 domine
865 1319 979 1357 Ihesu
999 1318 1163 1365 Christe,
1192 1323 1232 1357 tu
1262 1331 1302 1357 es
1331 1319 1464 1357 meus&
1483 1318 1711 1357 mediator

298 1385 340 1416 et
368 1377 639 1428 antiphonitis3
668 1383 708 1416 tu
729 1379 844 1417 redde
872 1379 947 1416 hoc
975 1391 1114 1416 aurum
1143 1378 1376 1416 benefactori
1403 1391 1490 1416 meo
1511 1377 1708 1416 Abramio.

224 1440 275 1477 90
303 1438 362 1476 Tu
392 1437 478 1484 seis,
516 1437 682 1484 domine,
721 1437 811 1487 quia
847 1437 960 1487 plena
993 1437 1066 1476 fide
1097 1442 1134 1476 et
1167 1438 1312 1487 absque
1341 1437 1576 1476 dubitatione
1610 1449 1713 1487 pono

300 1497 468 1536 loculum
502 1496 618 1535 istum
660 1496 699 1535 in
743 1496 851 1544 mari,
896 1509 1005 1547 spem
1042 1496 1222 1535 habendo
1259 1496 1299 1534 in
1335 1502 1371 1535 te
1410 1497 1474 1546 qui
1503 1510 1543 1535 es
1580 1497 1714 1535 meus*

299 1555 498 1603 mediator,
529 1555 681 1594 Christe
710 1556 812 1594 Deus
841 1569 962 1595 meus.

407 1675 453 1713 Et
480 1675 553 1713 hec
581 1675 712 1713 dicens
741 1674 896 1724 proiecit
924 1674 1092 1713 loculum
1122 1674 1161 1713 in
1190 1687 1296 1712 mare
1326 1679 1362 1713 et
1390 1687 1569 1712 reuersus
1598 1673 1716 1713 estin

302 1736 460 1773 domum
490 1747 613 1773 suam.
670 1734 829 1772 Vocauit
865 1739 993 1772 autem
1031 1734 1328 1784 gubernatorem
1364 1734 1503 1772 domus
1540 1746 1608 1772 sue
1650 1733 1714 1783 qui

227 1795 277 1832 ⁶25
307 1799 387 1833 erat
415 1793 562 1844 primus
591 1793 690 1832 inter
723 1792 831 1840 alios,
868 1792 995 1831 uirum
1024 1792 1241 1843 religiosum
1282 1799 1318 1831 et
1351 1793 1550 1831 timentem
1580 1792 1717 1840 Deum,

304 1853 475 1893 narrauit
503 1853 535 1891 ei
565 1853 695 1891 omnia
725 1865 797 1902 que
826 1853 976 1891 fecerat.
1033 1852 1242 1891 Admirans
1278 1858 1406 1890 autem
1443 1852 1506 1890 ille
1535 1852 1649 1891 fidem
1679 1858 1715 1891 et

304 1926 411 1963 spem
459 1926 575 1963 quam
621 1912 789 1950 habebat
834 1911 872 1949 in
918 1911 1082 1959 Christo,
1126 1911 1200 1961 egit
1247 1911 1387 1961 gratias
1434 1911 1514 1950 Deo
1556 1917 1592 1950 et
1637 1917 1718 1950 erat

305 1978 462 2023 stupens
492 1973 529 2010 in
573 1972 670 2010 facto
714 1972 815 2021 quod
857 1971 1084 2010 Theodorus
1131 1972 1281 2010 fecerat.
1339 1971 1437 2010 Cum
1481 1976 1610 2009 autem
1652 1972 1718 2009 ob·

306 2032 508 2070 dormisset
538 2031 636 2081 ipse
666 2031 903 2078 Theodoros,
934 2030 1026 2069 uidit
1053 2030 1243 2069 uisioneni
1273 2030 1534 2069 mirabilem
1565 2033 1603 2068 in
1635 2030 1718 2069 illas÷

229 2093 280 2129 30
309 2097 431 2129 nocte.
501 2091 722 2140 Exsurgens
764 2096 891 2129 autem
939 2103 1027 2129 cum
1074 2095 1240 2128 tremore
1281 2095 1318 2128 et
1369 2089 1506 2140 gaudio
1562 2102 1716 2140 magno,

165 2157 289 2191 Ε136γ
309 2150 513 2200 prostrauit
543 2163 583 2188 se
612 2150 651 2188 in
682 2150 864 2189 oratione.
922 2150 1007 2197 Qua
1045 2150 1231 2199 completa
1268 2150 1421 2188 uocauit
1441 2148 1455 2199 Η
1476 2149 1523 2187 ad
1556 2162 1597 2187 se
1626 2161 1719 2187 nau·

308 2210 452 2248 clerum
481 2222 594 2247 suum
625 2215 660 2248 et
689 2209 739 2248 ait
768 2210 836 2248 illi:
868 2210 951 2247 Vidi
980 2210 1052 2248 hac
1082 2214 1193 2247 nocte
1222 2208 1411 2247 uisionem
1441 2208 1719 2254 mirabilem,

309 2269 512 2307 terribilem
535 2275 648 2318 atque
668 2270 821 2319 plenam
842 2269 1036 2308 miraculo.
1081 2268 1311 2307 Certiticauit
1330 2267 1434 2307 enim
1448 2282 1510 2306 me
1530 2268 1719 2314 Christus,

309 2341 423 2377 quem
453 2329 559 2366 mee*
588 2328 740 2367 miserie
769 2329 1018 2367 mediatorem
1040 2328 1161 2378 posui,
1192 2327 1281 2377 quia
1309 2327 1469 2366 restituit
1491 2327 1592 2377 quod
1613 2340 1720 2365 nian-

230 2390 281 2427 35
310 2387 398 2426 daui
427 2387 623 2425 Abramio.
668 2388 749 2426 Vidi
779 2388 882 2427 enim
912 2401 974 2426 me
1005 2401 1089 2427 esse
1118 2387 1163 2425 in
1195 2393 1469 2438 conspectu
1498 2386 1720 2425 Abramii

310 2447 348 2484 in
376 2446 706 2496 Constantinopoli
737 2447 775 2485 in
804 2447 886 2486 loco
917 2447 981 2485 ubi
1010 2452 1068 2486 est
1096 2446 1250 2497 inmago
1271 2446 1424 2485 Domini
1455 2449 1577 2485 nostri
1606 2447 1722 2484 Iliesu

419 2585 438 2617 2
476 2583 568 2617 intra
604 2585 642 2617 K
701 2584 723 2617 4
758 2584 826 2618 dix.
853 2585 900 2618 illi
932 2586 965 2617 Κ
1027 2586 1048 2617 5
1074 2585 1156 2628 quo]
1184 2586 1234 2626 ΙΝ]
1261 2585 1295 2618 Ε
1358 2585 1400 2618 10
1434 2583 1613 2627 rescripsit
1648 2583 1724 2617 ΕΚ

316 2639 356 2671 16
383 2649 488 2681 supra
519 2638 589 2671 ΕΚ
638 2638 683 2671 2¹0
708 2637 853 2671 domine
879 2650 930 2670 um
959 2640 986 2671 S
1034 2639 1079 2671 *24
1105 2638 1245 2682 doinus]
1270 2637 1373 2672 nauis
1393 2638 1466 2671 ΕΚ
1512 2638 1550 2670 31
1580 2636 1719 2681 expleta

315 2692 388 2725 ΕΚ
414 2692 458 2724 :3⁶2
486 2691 546 2732 illi]
575 2691 617 2724 ad
645 2702 726 2725 eum
756 2692 829 2725 ΕΚ
877 2693 921 2723 3⁴}
949 2692 1017 2725 moi
1047 2692 1118 2726 ΕΚ
