1834 2967
710 126 973 162 —45—

136 261 224 286 cum
253 261 310 295 eo,
340 261 425 287 cum
458 248 614 287 uidisset
645 250 747 298 quod
775 249 916 287 factum
946 249 1078 295 fuerat,
1110 248 1275 288 cucurrit
1295 255 1331 288 et
1350 249 1548 288 nunciauit

135 306 248 345 matri
276 307 384 356 pueri
413 308 513 356 quod
535 306 733 346 acciderat.
773 308 856 354 Que
885 320 972 346 cum
1001 307 1168 346 audisset
1189 307 1339 346 talia—
1356 314 1548 347 commota

136 370 226 404 sunt
255 369 355 404 enim
382 366 511 404 omnia
540 366 687 405 uiscera
716 366 796 404 eius
825 379 893 416 pro
924 366 982 404 his
1012 379 1086 415 que
1115 366 1330 405 acciderant
1359 380 1477 417 puero
1497 391 1548 394 —
1570 401 1655 436 386

136 425 301 462 cucurrit
342 425 494 463 ululans
537 425 716 475 plotlrans
752 424 866 463 simul
908 438 995 463 cum
1017 423 1031 473 Η
1052 424 1236 474 discipulo
1275 431 1311 463 et
1344 426 1479 464 uicinis
1514 405 1692 489 etih-125V

137 483 249 521 turba
279 483 399 521 multa
427 484 656 533 populorum
685 483 749 532 qui
778 483 977 521 audierant
997 495 1070 532 que
1090 483 1306 522 acciderant
1335 497 1463 534 puero.
1505 485 1550 523 Et
1607 499 1630 533 5

136 541 421 592 confringentes
441 542 575 580 ianuas
591 541 819 580 introierunt
834 543 992 580 domum
1013 541 1028 592 ΙΙ
1048 543 1339 592 aperientesque
1356 544 1549 582 caminum
1568 549 1674 582 T56v

135 599 370 639 inuenerunt
399 613 560 650 puerum
589 600 739 638 illesum
769 600 910 639 Christi
939 601 1059 650 gratia
1088 601 1252 640 fauente.

243 660 313 698 Cui
342 659 435 698 dixit
462 665 602 698 mater:
632 660 862 698 Karissime*
891 659 956 707 fili,
987 660 1077 709 quid
1105 660 1168 699 hic
1196 661 1300 710 agis?
1339 661 1550 711 Respondit

137 731 248 769 puer:
279 718 391 757 Pater
419 731 528 757 meus
557 731 619 756 me
648 718 751 756 misit
779 718 853 765 hic,
883 720 1041 757 domina
1054 733 1147 765 mea,
1177 733 1246 770 pro
1275 732 1319 758 eo
1350 721 1451 769 quod
1477 721 1551 758 abii

138 790 226 815 cum
264 777 391 827 pueris
426 777 465 815 in
495 777 693 816 ecclesiam
733 778 1033 816 christianorum
1068 783 1104 816 et
1142 779 1425 817 communicaui
1463 792 1548 817 cum
1584 781 1632 817 10

138 835 204 875 eis.
260 836 306 874 Et
333 835 465 875 exiens
494 849 587 886 puer
616 837 662 875 de
691 837 842 875 camino
862 837 1004 885 illesus,
1032 837 1286 887 interrogatus
1315 852 1338 877 a
1356 839 1496 888 populo
1517 844 1553 876 et

138 909 160 934 a
180 897 352 945 propria
367 900 489 934 matre
509 897 701 945 quomodo
721 909 800 934 non
830 901 930 935 esset
948 898 1121 944 adustus,
1150 897 1364 947 respondit:
1394 897 1554 935 Femina

139 955 302 1003 quedam
343 960 551 1004 purpurata
594 955 811 993 effundebat
850 969 965 1006 super
999 969 1062 994 me
1100 969 1240 1005 aquam
1277 956 1426 995 dicens:
1466 956 1551 994 Noli

137 1014 283 1052 timere.

245 1073 400 1110 Tollens
429 1077 558 1110 autem
586 1079 708 1111 mater
738 1073 858 1111 filium
888 1086 1002 1112 suurn
1022 1074 1188 1112 cucurrit
1216 1075 1264 1112 ad
1292 1073 1552 1112 uenerabilem
1588 1075 1632 1111 15

136 1132 318 1169 Mennam
351 1131 415 1180 qui
442 1131 513 1169 illis
542 1130 676 1170 diebus
704 1137 860 1170 tronum
889 1133 1042 1182 regebat
1071 1133 1552 1183 Constantinopolitanum,

139 1195 276 1228 cuncto
304 1190 445 1240 populo
474 1196 670 1240 sequente,
701 1191 873 1230 narrauit
893 1191 926 1229 ei
947 1192 1076 1230 omnia
1096 1205 1169 1241 que
1188 1192 1403 1231 acciderant
1423 1205 1553 1242 puero.

139 1250 186 1288 Vt
215 1255 343 1288 autem
373 1249 516 1288 audiuit
545 1250 761 1300 patriarcha
789 1251 1018 1289 miraculum
1049 1252 1150 1300 quod
1169 1251 1314 1290 fuerat*
1343 1252 1497 1298 factum,
1520 1250 1534 1301 ΙΙ
1568 1255 1696 1289 E144v

139 1308 283 1347 studuit
322 1322 479 1347 narrare
517 1309 737 1359 imperatori
772 1310 993 1349 Iustiniano.
1050 1311 1098 1349 Et
1132 1316 1317 1350 uocantes
1354 1311 1551 1357 hebream,

139 1367 245 1406 uenit
274 1372 310 1406 et
345 1367 542 1406 nunciauit
570 1368 798 1407 miraculum
827 1382 906 1408 una
935 1382 1023 1408 curn
1053 1369 1128 1408 filio
1158 1383 1241 1417 suo,
1271 1371 1483 1420 deprecans
1513 1374 1553 1407 ut
1583 1375 1633 1412 20

140 1427 284 1465 donare
321 1426 393 1465 sibi
435 1427 655 1477 dignaretur
699 1441 850 1466 sacrum
889 1428 1134 1478 baptismum.
1193 1429 1304 1476 Quod
1342 1434 1378 1467 et
1413 1428 1555 1478 accepit

140 1499 229 1524 cum
258 1485 334 1523 filio
364 1499 434 1524 suo
463 1486 624 1525 faciente
652 1486 772 1537 gratia
801 1487 955 1526 Christi.

245 1545 490 1584 Aduocantes
532 1550 567 1584 et
604 1546 761 1585 iudeum
811 1547 1039 1585 ortabantur
1090 1559 1179 1585 eum
1226 1553 1267 1585 ut
1305 1547 1555 1597 penitentiam

138 1610 265 1655 ageret
294 1605 340 1643 de
367 1605 442 1643 hoc
470 1606 572 1654 quod
592 1611 720 1656 egerat
740 1611 776 1644 et
796 1611 837 1644 ut
857 1606 1093 1656 baptismum
1122 1606 1344 1657 susciperet.
1401 1606 1475 1644 Sed
1496 1607 1555 1645 ille

138 1665 305 1715 perfidus
352 1664 571 1703 nullatenus
619 1664 836 1703 consentire
882 1665 1014 1704 uoluit.
1072 1666 1182 1703 Vnde
1228 1663 1445 1714 frequenter
1491 1666 1555 1704 ad·
1585 1682 1595 1690 ψ

139 1723 308 1762 monitus
337 1737 359 1762 a
388 1723 603 1774 patriarcha
640 1729 680 1762 ut
719 1725 901 1772 crederet,
941 1738 1017 1763 non
1058 1724 1261 1774 adquieuit.
1319 1725 1431 1772 Quod
1468 1724 1554 1763 inti-

137 1788 286 1821 matum
314 1788 368 1821 est
386 1782 626 1833 imperatori:
657 1789 691 1821 et
710 1783 819 1822 iussit
838 1789 880 1822 ut
907 1783 947 1822 in
968 1785 1134 1822 eundem
1155 1784 1350 1822 caminum
1377 1783 1416 1822 in
1439 1797 1554 1834 quem

138 1841 258 1880 filium
287 1854 402 1879 suurn
430 1842 586 1881 miserat
606 1842 904 1892 precipitaretur.
961 1843 1074 1889 Quod
1103 1847 1144 1881 ut
1163 1841 1306 1881 factum
1326 1848 1394 1889 est,
1425 1842 1553 1881 statim

139 1900 254 1939 miser
283 1901 494 1939 conbustus
533 1907 569 1940 et
598 1903 646 1940 ad
676 1902 858 1940 nichilum
900 1903 1074 1940 redactus
1107 1907 1142 1940 et
1177 1907 1396 1951 presentem
1433 1902 1552 1940 uitam

139 1959 299 2010 perdidit
320 1958 335 2009 ΙΙ
355 1964 392 1998 et
432 1965 616 1999 eternam.
673 1961 819 1999 Omnes
862 1961 925 2010 qui
968 1960 1141 1999 uiderant
1171 1965 1208 1998 et
1245 1960 1444 1999 audierant
1484 1961 1552 1999 mi·
1579 1970 1660 2003 'r57

138 2019 312 2057 raculum
350 2020 451 2068 quod
482 2019 623 2057 factum
651 2019 786 2066 fuerat,
816 2020 1004 2058 dederunt
1034 2019 1171 2070 pariter
1199 2020 1351 2058 laudem
1380 2020 1459 2058 Deo
1488 2020 1552 2070 qui

139 2078 186 2116 ad
216 2077 467 2116 saluationem
497 2084 670 2116 nostram
699 2079 785 2117 facit
813 2078 1013 2124 mirabilia,
1050 2078 1108 2116 cui
1143 2081 1221 2117 est*
1248 2079 1332 2117 laus
1366 2085 1402 2117 et
1435 2080 1554 2129 gloria

139 2137 177 2174 in
200 2135 214 2186 Η
236 2136 362 2175 secula
392 2137 620 2176 seculorum.
677 2138 816 2176 Amen.
839 2137 853 2187 ΙΙ

1586 1670 1606 1706 Ι»)

1612 1671 1634 1707 01

1561 2123 1678 2165 [K126

1560 2169 1600 2211 [Β
1611 2171 1677 2203 sev

248 2261 268 2294 2
308 2260 402 2304 quod
447 2262 478 2294 T
482 2268 495 2287 8
575 2261 597 2294 4
632 2261 775 2295 ululans
813 2264 848 2295 et
889 2262 964 2295 ΕΚ
1044 2262 1062 2294 7
1101 2261 1256 2305 fauente]
1292 2262 1442 2298 faciente
1481 2266 1554 2298 EK

140 2315 162 2348 8
196 2313 382 2348 karissime
408 2314 462 2348 ΚΞ
524 2315 545 2346 9
578 2315 649 2348 huc
684 2326 743 2349 me
777 2316 826 2354 Ε;
866 2326 923 2348 me
959 2315 1028 2349 huc
1063 2316 1104 2349 K
1176 2316 1217 2348 12
1252 2316 1413 2350 adiustus
1445 2316 1550 2351 B¹T¹

145 2368 187 2400 13
213 2367 380 2410 quedam]
406 2378 458 2400 om
479 2368 549 2400 BT
597 2367 639 2401 16
664 2367 835 2402 trhonum
863 2369 904 2401 K
952 2369 994 2401 19
1021 2372 1261 2403 conuocantes
1287 2370 1363 2404 ΕΚ
1408 2370 1452 2403 22
1478 2381 1551 2404 una

142 2431 222 2454 cum
254 2421 325 2454 ΕΚ
387 2420 432 2453 23
466 2419 513 2463 et]
548 2419 654 2454 etiam
681 2422 769 2461 EK;
812 2425 848 2460 -t-
879 2424 912 2454 et
939 2422 979 2456 E
1039 2421 1177 2456 hortab.
1210 2423 1286 2456 ΕΚ
1347 2423 1392 2457 30
1425 2434 1551 2457 omnes

141 2473 249 2517 igitur
273 2475 347 2508 ΕΚ
