1834 2967
867 171 1097 207 -4-

378 295 540 343 Quando
559 299 689 332 autem
711 293 851 344 placuit
872 292 1171 331 clementissimo
1192 293 1271 331 Deo
1292 294 1434 332 donare
1463 294 1681 334 christianis

271 368 400 405 regem
428 353 643 404 piissimum
673 358 786 401 atque
815 357 1026 390 amatorem
1047 352 1247 390 clementie
1267 352 1529 391 fidelissimum
1551 366 1595 392 ac
1623 367 1681 393 so-

271 415 371 453 cium
392 413 666 463 apostolorum,
696 424 882 461 magnum
901 410 1200 449 Constantinum
1230 411 1327 457 dico,
1357 416 1499 450 extunc
1517 411 1681 451 liberum

270 474 401 511 lumen
430 470 579 522 pietatis
608 475 687 509 toto
716 470 863 508 mundo
892 469 1043 508 effulsit.
1099 469 1187 508 Non
1217 469 1321 508 enim
1352 470 1400 508 ab
1429 470 1589 510 homine
1616 478 1681 510 aut

219 535 242 571 5
271 545 338 583 per
356 531 557 570 hominem
576 529 723 568 vocatio
745 529 825 568 eius
846 529 944 566 facta
964 533 1033 575 est,
1063 529 1130 567 sed
1150 542 1172 567 a
1191 529 1284 576 celo,
1315 542 1432 579 quam
1451 542 1518 579 per
1537 531 1683 570 reuela-

271 591 437 630 tionem*
471 589 613 628 Christi
642 587 819 637 suscepit.
883 587 982 626 Vidit
1020 587 1124 626 enim
1165 587 1204 625 in
1243 588 1323 626 celo
1360 587 1514 637 signum
1551 595 1682 629 sancte

272 649 404 689 Crucis
433 662 547 699 super
567 647 813 698 splendorem
833 646 925 685 solis
954 646 1104 696 fulgens
1124 651 1161 684 et
1180 646 1365 696 scriptum
1392 647 1469 686 iam
1499 661 1545 686 ex
1566 649 1682 687 stellis

271 710 408 759 figurat
444 707 620 746 mirifice:
662 707 705 745 In
745 707 832 753 hoc,
874 705 1010 755 inquit,
1050 704 1159 755 signo
1194 705 1339 745 uinces.
1395 705 1478 745 Hec
1519 707 1683 757 denique

272 782 360 807 cum
388 767 552 818 legisset,
583 764 766 804 continuo
792 765 925 803 lumen
955 763 1150 803 deificum²
1178 764 1342 813 (Codd..·
1369 767 1431 804 dei
1455 767 1595 814 fixum)
1624 780 1682 805 ac-

195 828 244 866 10
273 840 433 866 censum
462 831 519 865 est
547 825 587 863 in
616 825 730 863 corde
758 823 839 863 eius
867 828 905 862 et
932 824 1048 862 fidem
1076 823 1217 862 Christi
1246 824 1347 863 velut
1375 825 1522 874 galeam
1551 826 1684 865 salutis

272 886 431 925 indutus
461 890 528 923 est.
584 884 684 922 Nam
705 896 751 922 ex
781 895 874 921 auro
895 887 931 922 et
949 882 1113 933 gemmis
1141 881 1324 921 continuo
1353 884 1507 934 signum
1535 884 1684 924 uiuifice

271 945 402 985 Crucis
432 944 513 983 fieri
531 943 700 994 precepit
727 947 764 981 et
782 942 857 981 hoc
884 941 925 980 in
953 941 1053 980 bello
1081 942 1141 992 pie
1161 941 1355 981 constituit
1374 948 1488 992 atque
1507 957 1574 994 per
1602 944 1683 983 eius

270 1004 449 1043 virtutem
489 1007 530 1041 et
577 1002 683 1041 eius
721 1001 1060 1040 munitionem
1104 1014 1239 1040 omnes
1278 1001 1462 1041 barbaras
1500 1003 1683 1042 naciones

271 1063 465 1102 debellans
493 1060 831 1100 uictoriosissimus
867 1061 947 1099 estff‘
982 1061 1136 1099 effectus
1171 1066 1205 1099 et
1233 1061 1280 1098 de
1309 1061 1489 1100 omnibus
1518 1062 1683 1101 inimicis

195 1123 241 1161 15
270 1123 514 1172 triumphans
542 1119 920 1171 magnificentissime
949 1124 1006 1158 est
1034 1120 1234 1158 exaltatus.

379 1180 448 1219 Dei
476 1184 605 1219 autem
625 1179 866 1230 prouidentia
894 1183 1124 1229 cooperante
1145 1183 1181 1217 et
1200 1178 1352 1217 uiuifice
1381 1178 1514 1218 Crucis
1542 1180 1682 1219 uexillo

271 1239 455 1286 munitus,
486 1239 574 1278 exiit
603 1253 625 1277 a
654 1238 805 1277 seniore
825 1238 950 1276 Roma
978 1243 1014 1276 et
1042 1237 1082 1276 in
1102 1238 1205 1276 hanc
1232 1251 1255 1277 a
1274 1237 1353 1276 Deo
1374 1240 1682 1278 conseruandam

270 1298 459 1338 iuniorem
499 1299 665 1336 Romam
707 1302 764 1336 est
803 1301 1074 1344 commutatus,
1118 1309 1192 1346 que
1231 1296 1271 1335 in
1310 1297 1392 1336 eius
1430 1297 1586 1337 nomine
1626 1304 1683 1337 est

269 1358 442 1397 edificata
483 1371 550 1408 per
587 1356 743 1395 Domini
784 1356 945 1407 gratiam
988 1355 1146 1405 eiusque
1184 1356 1415 1406 cognomine
1453 1362 1510 1396 est
1547 1364 1684 1397 uocata

129 1424 254 1458 E130v
271 1416 637 1467 Constantinopolis,
668 1429 740 1465 que
769 1420 858 1454 ante
886 1414 1107 1454 Bizanzium
1135 1415 1407 1466 appellabatur.
1430 1419 1444 1460 Η

372 1476 416 1514 In
445 1476 573 1515 medio
600 1482 729 1515 autem
759 1475 930 1514 eiusdem
957 1474 1160 1525 magnifice
1188 1474 1294 1513 urbis
1324 1480 1486 1524 quatuor
1515 1476 1683 1526 colump-

268 1549 338 1574 nas
367 1535 511 1582 statuit,
546 1535 583 1574 in
614 1534 754 1584 quibus
783 1534 950 1572 culmine
979 1547 1094 1584 super
1121 1533 1296 1584 apposito
1334 1547 1381 1573 ex
1410 1534 1506 1573 ereis
1544 1535 1683 1574 tabulis

166 1602 249 1636 S58
267 1607 331 1633 eas
361 1594 555 1645 cooperire
592 1593 714 1633 iussit.
779 1594 822 1632 In
857 1606 932 1643 quo
960 1593 1107 1632 edificio
1141 1593 1276 1644 reponi
1295 1591 1310 1643 ΙΙ
1330 1593 1416 1632 fecit
1452 1593 1683 1633 intrinsecus

267 1654 420 1705 signum
450 1653 600 1692 uiuifice
621 1652 754 1692 Crucis
784 1658 820 1691 et
849 1652 1162 1691 uictoriosissime
1181 1657 1296 1703 atque
1315 1665 1362 1691 ex
1383 1652 1555 1692 orientali
1576 1659 1684 1704 parte

126 1720 253 1754 Knev
268 1712 520 1752 dominatoris
551 1711 671 1751 nostri
699 1713 814 1751 Ihesu
834 1711 975 1751 Christi
1004 1711 1223 1762 ymaginem
1251 1712 1497 1751 mirabimliter
1525 1712 1683 1763 pingere

267 1772 355 1811 fecit
384 1777 420 1811 et
449 1771 569 1810 nimio
598 1773 734 1810 decore
764 1771 958 1810 decorauit
986 1771 1286 1821 sublimauitque
1315 1772 1362 1810 ad
1391 1771 1618 1811 intuendam
1646 1777 1681 1810 et

267 1832 505 1871 adorandam
547 1832 595 1870 ab
638 1830 821 1870 omnibus
864 1831 1052 1870 fidelibus.
1109 1830 1182 1869 Hic
1223 1829 1365 1869 etenim
1401 1830 1682 1869 sacratissimus

266 1891 373 1930 locus
411 1895 487 1930 est
525 1890 687 1941 insignis
730 1895 767 1929 et
801 1890 1136 1929 nominatissimus
1174 1896 1316 1928 extunc
1345 1895 1381 1928 et
1418 1902 1540 1939 usque
1568 1890 1682 1929 hodie

268 1950 389 1989 factus
427 1955 494 1990 est.
554 1951 597 1988 In
635 1963 710 1999 quo
752 1949 941 1988 mirabilia
978 1954 1015 1988 et
1053 1949 1235 1988 sanitates
1276 1948 1439 1999 plurime
1468 1954 1512 1988 et
1546 1949 1681 1999 glorio·

189 2011 240 2048 30
269 2008 417 2047 sissime
447 2009 557 2055 fiunt,
587 2022 655 2058 pro
685 2007 823 2058 quibus
852 2009 900 2047 ab
930 2007 1113 2046 omnibus
1142 2007 1412 2046 uenerabiliter
1442 2009 1636 2047 adoratur.

374 2067 517 2117 Itaque⁷
547 2067 781 2107 dilectissimi
802 2068 949 2109 fratres.
980 2080 1101 2105 unum
1123 2080 1168 2105 ex
1199 2066 1328 2105 multis
1349 2066 1586 2106 mirabilibus
1608 2080 1681 2117 que

268 2127 319 2164 ibi
347 2127 396 2165 ad
424 2127 576 2165 laudem
607 2127 675 2166 Dei
705 2132 742 2166 et
770 2126 916 2166 domini
945 2126 1067 2165 nostri
1095 2127 1208 2165 Ihesu
1238 2126 1379 2165 Christi
1409 2126 1506 2165 fiunt
1540 2126 1577 2165 in
1608 2127 1680 2165 hac

267 2186 434 2235 presenti
464 2191 597 2224 nostra
626 2186 846 2226 narratione
871 2185 1051 2236 ponimus
1071 2186 1118 2223 ad
1148 2186 1300 2224 laudem
1330 2185 1546 2224 animarum
1569 2190 1605 2224 et
1633 2187 1680 2224 ad

270 2244 383 2283 fidem
412 2245 719 2284 confirmandam
748 2245 999 2292 credentium,
1028 2250 1070 2283 ut
1098 2258 1144 2283 ex
1174 2250 1280 2295 parte
1318 2250 1440 2283 totum
1470 2250 1680 2295 agnoscant

186 2305 237 2343 35
267 2309 314 2348 et,
345 2308 385 2342 ut
415 2303 561 2349 dicitur,
592 2318 637 2342 ex
668 2304 819 2343 fimbria
847 2303 973 2343 omnis
1002 2309 1153 2343 textura
1182 2303 1396 2342 indumenti
1426 2303 1679 2354 cognoscitur.

377 2406 390 2437 1
413 2404 569 2446 quando]
589 2404 759 2446 quoniam
779 2405 853 2438 ΕΚ
899 2404 920 2438 2
939 2404 1070 2438 sotium
1089 2405 1130 2438 K
1167 2404 1190 2437 4
1207 2404 1343 2438 mundo
1361 2407 1438 2438 toto
1456 2404 1495 2438 K
1535 2404 1554 2437 7
1573 2403 1679 2447 scrip-

266 2459 351 2496 tam,
378 2457 529 2500 figuram
558 2458 631 2490 ΕΚ
684 2458 705 2490 8
743 2457 866 2500 inquid
904 2458 946 2492 K
1000 2458 1043 2491 10
1080 2456 1244 2491 uidelicet
1283 2458 1358 2491 ΕΚ
1419 2458 1459 2490 12
1497 2456 1533 2490 in
1572 2456 1676 2499 bello]

266 2510 385 2544 libello
412 2511 451 2543 S¹
479 2510 565 2543 ΕΚι
618 2510 661 2543 14
687 2510 925 2553 omnibusque
954 2511 990 2544 E
1039 2510 1080 2543 15
1106 2521 1160 2544 ex,
1188 2513 1240 2544 cst
1266 2511 1305 2543 K
1356 2511 1397 2543 19
1423 2509 1596 2543 edifficata
1624 2511 1676 2544 K:

266 2563 456 2597 eonomine
472 2565 524 2597 Kl
562 2563 608 2596 20
622 2563 816 2596 bizantium
833 2565 922 2605 EK;
940 2563 1006 2597 biz.
1021 2567 1104 2598 ante
1124 2565 1162 2597 K
1198 2565 1238 2597 21
1261 2563 1422 2598 eiusdem
1442 2564 1494 2597 Ks
1530 2563 1574 2596 25
1593 2562 1677 2596 ima-

266 2616 386 2659 ginem
413 2618 500 2654 131ss
529 2616 624 2659 pingi
653 2615 745 2649 E²K
793 2618 836 2649 :2ss
863 2627 944 2659 -que
971 2617 1025 2651 K⁸
1073 2618 1117 2650 2¹.)
1143 2617 1296 2658 gloriose
1321 2618 1348 2649 S

377 2669 386 2689 ¹
413 2671 455 2703 cs.
476 2669 690 2713 Weyman,
718 2671 812 2704 ΗΜ.
832 2670 894 2703 .ΙΙι.
917 2673 969 2711 15,
997 2672 1099 2711 1891,
1128 2673 1181 2703 97.
