1834 2967
814 116 1101 153 -1028—

253 239 334 277 eius
364 238 426 288 qui
455 239 658 277 crucifixus
696 244 753 277 est
787 253 808 277 a
836 239 962 277 Iudeis
996 238 1068 277 sub
1097 237 1235 276 Pontio
1262 237 1403 285 Pilato;
1443 243 1479 276 et
1515 250 1584 287 ego
1622 239 1661 276 in

253 298 334 337 eius
364 298 522 336 nomine
551 303 587 336 et
616 297 756 336 uirtute
785 298 955 336 occidam
993 299 1200 336 draconem
1228 296 1357 335 istum.
1414 296 1461 335 Et
1498 295 1662 347 amplius

254 371 332 396 non
361 357 578 396 moriemini
608 358 656 395 ab
686 370 743 396 eo.
800 357 911 396 Tunc
938 358 1146 407 imperator
1175 369 1264 394 cum
1295 355 1400 394 omni
1431 357 1572 406 populo
1599 369 1663 394 ex-

253 416 434 455 clamauit
454 429 548 455 uoce
576 430 718 466 magna
738 416 887 454 dicens:
917 416 1117 455 Credimus
1146 414 1186 453 in
1206 415 1330 453 Deum
1359 415 1663 465 omnipotentem

199 478 223 515 5
252 477 406 514 Patrem
436 480 472 514 et
492 475 630 514 Filium
660 480 697 514 et
723 475 906 525 Spiritum
935 480 1113 514 sanctum
1134 487 1248 524 quem
1278 479 1319 512 tu
1338 473 1524 524 predicas,
1552 474 1663 512 beate

253 534 402 584 Georgi.
459 534 570 572 Tunc
599 539 755 572 sanctus
785 534 971 584 Georgius
999 533 1251 583 apprehendit
1271 532 1438 582 gladium
1468 537 1504 570 et
1532 545 1663 582 ampu-

254 592 347 632 tauit
381 599 495 644 caput
529 593 622 632 eius.
679 593 790 631 Tunc
824 592 1031 644 imperator
1060 597 1096 631 et
1137 591 1263 630 omnis
1299 591 1461 641 populus
1496 603 1584 629 cum
1618 604 1664 629 eo

253 658 436 702 ceperunt
475 652 637 691 osculari
667 654 733 701 (112
754 652 830 697 -re)
869 653 984 702 pedes
1018 651 1118 690 beati
1156 650 1307 701 Georgii
1339 650 1594 701 glorificantes
1629 655 1664 688 et

252 712 451 750 laudantes
483 711 606 750 Deum
637 724 714 749 una
742 724 830 749 cum
859 717 991 749 sancto
1021 710 1192 760 Georgio.

176 772 225 810 10
359 771 627 809 Conuocantes
669 775 796 808 autem
839 770 1103 808 Alexandrum
1154 768 1375 819 episcopum
1422 766 1664 807 confirmauit

254 843 388 868 omnes
417 830 456 868 in
486 830 559 867 fide
588 828 741 867 Christi.
798 829 844 867 Et
872 829 971 867 infra
991 827 1209 878 quindecim
1229 828 1310 867 dies
1340 827 1545 878 baptizauit
1573 840 1665 876 qua-

253 889 428 939 draginta
455 889 559 926 milia
593 888 798 926 hominum
836 888 876 926 in
913 888 1071 926 nomine
1098 888 1224 926 Patris
1261 892 1298 926 et
1326 887 1407 925 Filii
1436 892 1472 925 et
1501 886 1664 936 Spiritus

108 960 239 987 ῑο1.174ν
254 948 395 995 sancti;
424 948 642 996 factumque
663 952 719 985 est
747 946 929 996 gaudium
949 960 1134 996 magnum
1163 947 1202 984 in
1223 951 1302 985 tota
1321 946 1483 984 ciuitate.
1520 946 1664 995 Imizpe-

252 1013 356 1045 rator
384 1013 511 1045 autem
548 1012 583 1044 et
612 1006 738 1044 omnis
766 1006 930 1056 populus
951 1018 1039 1043 cum
1069 1019 1113 1043 eo
1133 1006 1372 1044 destruentes
1392 1006 1529 1054 templo
1549 1005 1664 1043 simu-

177 1069 223 1106 15
250 1067 456 1112 laer-orum,
486 1066 772 1104 fabricauerunt
801 1063 980 1103 eeclesias
1008 1065 1148 1102 multas
1168 1063 1208 1102 in
1238 1064 1395 1102 nomine
1423 1063 1546 1102 sancti
1565 1077 1666 1102 mar-

250 1126 331 1165 tiris
360 1125 521 1175 Georgii.

360 1185 444 1232 Que
464 1186 556 1223 dum
573 1184 759 1234 complete
778 1183 952 1231 fuissent,
973 1183 1079 1222 uenit
1106 1188 1262 1222 sanctus
1283 1182 1468 1232 Georgius
1488 1187 1524 1221 et
1543 1187 1666 1220 osten-

253 1243 306 1282 dit
335 1244 389 1282 eis
417 1244 519 1282 aliud
554 1243 707 1293 signum
745 1242 919 1281 mirabile
946 1242 986 1281 in
1016 1255 1085 1281 sua
1121 1242 1290 1281 ecclesia.
1346 1241 1526 1280 Videlicet
1561 1241 1666 1280 iuxta

252 1304 370 1342 altare
389 1303 555 1341 ostendit
575 1303 628 1341 eis
648 1303 792 1340 fontem
814 1314 912 1351 aque
932 1301 1014 1340 vive
1035 1302 1081 1339 de
1107 1301 1226 1340 latere
1245 1301 1374 1340 altaris
1395 1301 1664 1351 egredientem.

174 1364 225 1401 20
252 1363 299 1401 Et
337 1361 551 1401 confirmati
591 1362 704 1400 ualde
747 1362 786 1399 in
825 1361 899 1399 fide
937 1361 1105 1399 nominis
1147 1360 1287 1399 Christi
1325 1361 1590 1410 glorificabant
1630 1366 1667 1399 et

251 1422 463 1461 laudabant
491 1421 614 1459 Deum
643 1420 708 1470 qui
737 1425 843 1458 tanta
872 1420 1055 1459 miracula
1083 1420 1136 1458 eis
1166 1421 1367 1458 ostendere
1395 1419 1573 1470 dignatus
1610 1424 1667 1458 est

252 1495 319 1532 per
347 1480 613 1519 beatissimum
633 1479 820 1517 famulum
849 1492 964 1517 suum
984 1479 1202 1529 Georgium.
1259 1479 1510 1517 Beatissimus
1538 1483 1667 1517 autem

256 1540 442 1590 Georgius
470 1553 621 1590 ponens
649 1552 774 1589 genua
802 1551 872 1577 sua
900 1538 938 1577 in
968 1543 1081 1585 terra,
1112 1538 1253 1576 diutius
1282 1539 1403 1577 Deum
1443 1539 1667 1588 deprecatus

259 1605 328 1646 est,
358 1604 548 1648 quatenus
578 1611 647 1636 sua
675 1598 794 1648 gratia
821 1598 1006 1648 populum
1034 1610 1158 1647 nuper
1185 1597 1224 1635 in
1254 1597 1405 1636 Christo
1432 1603 1610 1636 renatum
1629 1596 1669 1635 in

174 1660 224 1697 25
255 1660 327 1697 fide
362 1658 421 1697 sui
457 1658 579 1696 sancti
614 1657 783 1696 nominis
813 1670 1043 1695 conseruare
1076 1657 1314 1707 dignm-etum
1357 1662 1394 1695 et
1433 1657 1668 1695 confirmans

254 1731 318 1757 eos
347 1718 386 1756 in
416 1718 490 1755 fide
518 1717 660 1756 Christi
689 1716 855 1767 perrexit
883 1717 931 1754 ad
960 1716 1152 1754 ciuitatem
1182 1729 1291 1754 suam
1321 1716 1611 1766 Cappadociam.

588 1878 629 1926 h)
660 1877 749 1916 Cod.
772 1878 835 1916 lat.
857 1877 1026 1916 Vatican.
1058 1877 1191 1925 (Rom)
1222 1878 1338 1923 6932,

713 1950 809 1975 saec.
831 1937 909 1984 XII,
940 1937 1000 1975 fol.
1023 1938 1212 1975 95—96‘:

358 2015 453 2053 Item
490 2015 591 2052 aliud
625 2014 852 2053 miraculum
887 2013 1085 2060 Draconis,
1125 2015 1223 2063 quod
1255 2013 1444 2053 Dominus
1477 2015 1561 2053 fecit
1601 2028 1666 2065 per

168 2077 222 2113 30
250 2075 405 2113 beatum
434 2074 651 2124 Georgium.

358 2133 509 2180 Audite,
547 2134 681 2172 fratres
717 2132 792 2171 mei
831 2132 1028 2179 carissimi,
1064 2132 1292 2171 miraculum
1327 2146 1526 2183 magnum,
1565 2134 1666 2182 quod

253 2191 337 2231 fecit
356 2193 458 2230 Deus
488 2198 640 2243 propter
669 2192 877 2242 gloriosum
907 2191 1101 2230 martirem
1123 2191 1327 2241 Georgium
1357 2204 1510 2230 seruum
1533 2205 1665 2237 suum;

253 2252 352 2301 quod
382 2252 524 2289 sactum
553 2257 609 2289 est
638 2251 675 2289 in
706 2252 871 2300 quadam
891 2250 1053 2297 ciuitate,
1084 2250 1142 2288 cui
1173 2264 1314 2288 nomen
1345 2256 1424 2288 erat
1453 2250 1576 2289 Lasia.
1623 2251 1665 2289 In

254 2324 327 2360 qua
370 2316 449 2349 erat
496 2311 700 2359 imperator
748 2311 901 2359 quidam
950 2309 1106 2348 nomine
1150 2310 1321 2349 Seluius:
1377 2316 1413 2348 et
1460 2310 1540 2360 ipse
1586 2316 1666 2349 erat

172 2374 223 2410 35
253 2370 443 2419 malignus
479 2376 514 2408 et
543 2370 642 2408 idola
671 2370 813 2417 colens,
849 2370 932 2408 sine
969 2370 1049 2419 lege
1087 2374 1123 2407 et
1161 2369 1243 2407 sine
1271 2369 1480 2407 elemosina
1519 2375 1554 2408 et
1583 2369 1667 2408 sine

254 2429 433 2468 omnibus
476 2429 598 2468 bonis.
661 2430 705 2468 Et
747 2430 925 2479 quamuis
968 2428 1017 2467 ita
1060 2434 1154 2467 essct
1202 2429 1279 2467 Deo
1320 2429 1494 2474 infidelis,
1537 2434 1665 2467 tamen

254 2490 467 2528 secundum
497 2502 611 2539 opera
640 2489 720 2527 eius
750 2502 891 2537 magna
919 2488 1091 2527 retribuit
1121 2488 1153 2526 ci
1185 2488 1383 2526 Dominus.

359 2549 484 2599 Prope
530 2554 658 2586 autem
706 2547 898 2586 ciuitatem
946 2548 1050 2586 illam
1096 2553 1209 2585 natus
1257 2553 1313 2586 est
1356 2547 1509 2596 quidam
1553 2548 1666 2586 draco

255 2607 457 2658 malignus.
525 2607 600 2654 Qui
642 2607 679 2645 in
723 2621 954 2657 unoquoquo
996 2607 1054 2646 die
1097 2607 1228 2646 exiens
1270 2609 1315 2646 de
1358 2620 1468 2656 asma.
1513 2607 1549 2645 in
1591 2620 1667 2656 qua
