1834 2967
830 105 1087 142 —93—

363 229 449 267 Vna
475 241 628 278 quoque
661 228 811 267 dierum
841 241 931 265 cum
960 228 1109 265 sederet
1129 240 1219 264 cum
1246 225 1331 264 uiro
1360 239 1430 264 suo
1449 226 1490 264 in
1520 240 1670 265 carcere

257 294 300 327 ut
335 289 590 327 commederet
625 301 778 338 panem,
820 285 981 324 intrauit
1020 285 1105 335 quis
1145 298 1190 323 ex
1227 285 1473 335 magnatibus
1515 285 1588 324 loci
1627 291 1673 324 ut

258 349 364 386 daret
401 347 652 397 elemosinam
688 344 946 385 incarceratis.
1021 345 1067 383 Et
1112 350 1155 382 ut
1196 343 1294 382 uidit
1335 343 1537 382 mulierem
1581 357 1672 383 cum

259 406 344 445 uiro
374 419 446 445 suo
474 407 664 453 edentem,
707 405 934 443 uulneratus
964 409 1021 442 est
1048 403 1087 441 in
1127 416 1183 442 ea.
1240 403 1329 441 Erat
1359 402 1463 441 enim
1501 402 1673 454 speciosa

207 467 230 504 5
259 465 388 504 nimis.
445 465 490 504 Et
517 464 624 504 misit
652 465 700 503 ad
729 477 815 502 eam
845 462 1136 501 clauicularium
1163 467 1206 500 ut
1243 468 1399 500 uocaret
1427 475 1513 500 eam
1541 464 1588 501 ad
1618 475 1671 501 se.

257 525 324 563 Illa
359 537 452 562 uero
491 537 581 562 cum
619 523 758 573 gaudio
795 522 959 560 ueniens
997 521 1155 572 putabat
1194 534 1235 559 se
1272 522 1319 559 ab
1347 536 1387 560 eo
1422 521 1673 560 elemosinam

261 582 443 633 accipere.
501 583 658 621 Tollens
687 587 817 621 autem
845 594 931 619 eam
960 587 1118 627 secreto,
1149 579 1244 618 dixit
1273 579 1324 619 ei:
1354 579 1455 628 Quid
1491 586 1548 619 est
1572 581 1674 630 quod

142 648 251 682 13104
264 643 384 681 habes
399 647 434 680 et
448 655 517 691 pro
532 654 608 690 quo
629 639 644 692 ΙΙ
665 640 846 679 detineris
866 639 953 678 hic?
997 640 1048 677 At
1062 639 1127 677 illa
1141 639 1315 677 narrauit
1334 638 1368 677 ei
1384 638 1526 678 omnia.

367 700 470 739 Dixit
499 707 628 739 autem
669 699 703 737 ei
740 698 819 738 ille:
860 699 905 737 Et
940 698 973 737 si
1011 699 1242 748 conpleuero
1282 698 1466 745 debitum,
1506 697 1674 736 dormies

120 766 248 800 K155v
261 761 334 799 hac
363 765 474 799 nocte
502 763 680 798 mecum?
714 757 728 808 ΙΙ
763 758 849 808 Ipsa
886 771 991 805 uero,
1027 763 1070 796 ut
1107 763 1187 796 erat
1214 757 1402 796 ueraciter
1439 760 1606 807 speciosa
1641 764 1675 796 et

263 819 412 871 pudica,
443 818 494 857 ait
514 818 566 857 ei:
596 817 741 856 Audiui
769 820 881 864 enim,
904 816 1071 864 domine,
1102 822 1280 855 sanctum
1300 818 1517 867 apostolum
1546 816 1674 855 dicen·

263 885 353 926 tem,
393 877 577 928 quoniam
604 876 743 915 mulier
782 890 861 915 non
890 875 1005 914 habet
1045 875 1188 926 proprii
1225 876 1396 926 corporis
1434 881 1676 926 potestatem,

263 939 329 977 sed
358 937 430 976 uir.
474 936 657 975 Permitte
687 949 776 986 ergo
804 949 878 980 me,
914 937 1076 982 domine,
1106 934 1342 985 interrogare
1371 934 1502 973 uirum
1529 948 1674 983 meum,

263 1003 300 1036 et
329 998 431 1046 quod
460 995 624 1046 precepit
645 995 789 1034 fatiam.
846 995 892 1033 Et
920 993 1083 1033 ueniens
1104 993 1299 1032 nuntiauit
1328 993 1458 1032 omnia
1486 993 1571 1032 uiro
1592 1007 1677 1033 suo.

139 1062 167 1096 T
181 1062 246 1095 791·
263 1057 327 1095 1118
356 1070 446 1094 uero
475 1054 658 1093 scienlltia
686 1060 723 1093 et
742 1067 873 1093 amore
898 1054 1035 1104 plenus
1055 1053 1095 1091 in
1116 1066 1237 1091 uxore
1257 1066 1339 1098 sua,
1369 1066 1447 1091 non
1468 1059 1524 1091 est
1544 1059 1680 1104 raptus

264 1122 307 1154 ut
336 1115 463 1154 statim
500 1115 725 1153 liberaretur
763 1128 785 1152 a
823 1113 949 1152 debito
989 1119 1025 1151 et
1054 1112 1238 1159 custodia,
1275 1113 1342 1150 sed
1377 1111 1521 1150 fortiter
1556 1111 1676 1162 suspi-

148 1180 252 1214 13:173
270 1189 360 1214 rans
382 1175 395 1225 ΙΙ
417 1188 505 1213 cum
533 1173 700 1212 lacrimis
729 1173 782 1212 ait
809 1172 922 1211 uxori
952 1185 1038 1210 sue:
1077 1172 1194 1219 Vade,
1229 1184 1338 1210 soror
1366 1185 1464 1218 mea,
1499 1170 1683 1210 renuntia

266 1233 416 1273 homini
445 1240 481 1272 et
519 1246 719 1283 speremus
760 1231 801 1270 111
832 1231 1043 1270 Dominum
1081 1237 1259 1269 nostrum
1286 1231 1436 1268 Ilzesum
1470 1231 1677 1277 Christum,

268 1293 357 1343 quia
386 1307 464 1331 non
494 1292 732 1341 derelinquet
761 1305 832 1330 nos
867 1304 991 1341 usque
1019 1290 1059 1329 in
1090 1291 1218 1329 finem.
1262 1291 1308 1328 Et
1337 1303 1499 1340 surgens
1534 1289 1678 1329 dimisit

188 1352 239 1389 20
267 1351 468 1391 hominem
496 1351 628 1390 dicens
657 1351 709 1389 ei:
739 1350 826 1388 Dixi
855 1350 940 1389 uiro
968 1363 1069 1397 meo,
1100 1351 1166 1388 sed
1196 1351 1259 1388 ille
1287 1349 1421 1388 noluit.

166 1416 188 1450 S
203 1417 248 1450 85
372 1412 414 1449 In
435 1410 519 1461 ipso
540 1416 671 1449 autem
690 1423 842 1449 carcere
862 1415 941 1448 erat
962 1408 975 1460 ΙΙ
997 1409 1155 1458 quidam
1182 1410 1278 1448 latro
1297 1409 1441 1447 missus
1460 1407 1501 1446 111
1527 1407 1681 1446 interio-

267 1484 349 1509 rem
382 1469 614 1517 custodiam;
645 1474 682 1508 et
702 1468 832 1507 omnia
860 1468 998 1506 uidens
1029 1474 1065 1506 et
1085 1467 1333 1506 considerans
1364 1480 1514 1517 queque
1542 1466 1684 1506 mulier·

269 1535 305 1568 et
325 1528 386 1567 uir
407 1529 595 1575 dixerant,
625 1527 826 1578 suspirans
846 1527 915 1566 ait:
945 1527 1042 1565 Ecce
1062 1527 1102 1565 in
1120 1526 1223 1577 quali
1243 1526 1420 1577 angustia
1440 1526 1503 1565 isti
1519 1532 1621 1572 sunt,
1644 1531 1683 1564 et

268 1588 484 1627 libertatem
513 1587 693 1638 puditicie
721 1600 801 1626 non
831 1586 1072 1625 tradiderunt
1100 1600 1167 1636 pro
1198 1585 1360 1636 pecunia
1394 1591 1436 1623 ut
1464 1585 1681 1636 acciperent

268 1653 306 1686 et
347 1647 642 1694 dimitterentur,
687 1648 754 1685 sed
789 1645 1003 1685 castitatem
1032 1651 1329 1696 proposuerunt,
1364 1644 1565 1683 meliorem
1603 1658 1681 1682 esse

270 1721 389 1757 quam
407 1705 614 1757 pecuniam
633 1705 908 1751 existimantes,
929 1710 965 1743 et
981 1717 1130 1753 queque
1149 1705 1349 1742 mundana
1378 1710 1468 1742 sunt
1489 1709 1683 1753 contemp-

270 1772 414 1804 serunt.
472 1766 519 1804 Et
548 1764 639 1815 quid
667 1764 798 1803 fatiam
828 1777 896 1813 ego
926 1763 1180 1810 miserrimus,
1212 1762 1276 1813 qui
1305 1762 1512 1812 aliquando
1542 1775 1612 1801 nec
1641 1762 1681 1800 in

269 1831 399 1864 mente
427 1838 514 1863 mea
543 1824 694 1874 suscepi
734 1823 825 1873 quia
854 1824 957 1861 Deus
986 1828 1056 1871 est,
1086 1829 1122 1861 et
1150 1828 1304 1873 propter
1332 1823 1406 1860 hoc
1433 1827 1556 1860 morte
1595 1835 1685 1860 sum

270 1885 421 1934 dignus.
465 1884 512 1922 Et
531 1885 726 1922 aduocans
747 1896 812 1921 eos
842 1884 889 1921 ad
919 1895 959 1920 se
989 1895 1055 1932 per
1075 1883 1282 1920 fenestram
1302 1881 1485 1925 custodie,
1515 1880 1582 1919 ubi
1603 1886 1683 1919 erat

191 1943 242 1981 30
271 1944 457 1990 inclusus,
487 1943 582 1981 dixit
610 1944 658 1980 ad
686 1955 769 1981 eos:
800 1942 878 1992 Ego
899 1942 995 1980 latro
1016 1940 1069 1979 sui
1090 1946 1126 1979 et
1154 1941 1275 1979 multa
1296 1942 1397 1979 mala
1417 1948 1450 1979 ec
1477 1939 1682 1979 homicidia

271 2002 352 2042 feci.
410 2003 456 2041 Et
485 2002 564 2040 scio
594 2015 836 2051 quacumque
874 2002 970 2039 hora
1009 2013 1138 2050 preses
1167 2000 1367 2039 aduenerit
1409 2006 1444 2038 et
1483 1999 1684 2038 adduxerit

270 2075 332 2101 me
363 2062 409 2101 ad
438 2060 637 2108 iudicium,
667 2060 810 2099 moriar
840 2066 882 2098 ut
910 2058 1114 2098 homicida.
1171 2058 1315 2097 Videns
1345 2065 1474 2098 autem
1507 2058 1684 2098 castimo-

189 1648 238 1686 ἐξ

381 2231 395 2264 1
425 2230 574 2273 sederet]
603 2232 641 2271 -1-
671 2230 706 2263 111
733 2241 873 2264 carcere
891 2230 966 2263 ΕΚ
1019 2229 1039 2262 2
1065 2229 1133 2271 ut¹]
1162 2232 1196 2262 et
1221 2230 1296 2263 ΕΚ
1343 2231 1364 2262 3
1389 2229 1577 2263 carceratis
1593 2230 1667 2263 ΕΚ
1676 2241 1684 2269 ;

272 2284 499 2318 incarceratis
526 2303 568 2307 —
596 2284 759 2318 edentem
792 2284 849 2316 Tm
897 2283 920 2316 4
946 2282 1068 2326 pulcra
1093 2282 1197 2316 ualde
1224 2283 1297 2316 ΕΚ
1350 2283 1371 2315 5
1397 2282 1606 2316 clauiarium
1632 2281 1684 2318 Β1

272 2340 293 2371 S
319 2338 362 2379 et]
384 2348 438 2371 om
456 2338 531 2371 ΕΚ
577 2337 620 2380 81]
640 2348 694 2371 om
716 2337 744 2371 T
792 2340 812 2369 9
839 2340 874 2370 at
893 2339 938 2377 (et
955 2337 1008 2376 K)
1035 2336 1092 2369 1110
1111 2336 1199 2369 dixit
1225 2336 1254 2370 ei
1274 2336 1350 2369 ΕΚ
1400 2336 1441 2369 10
1466 2336 1620 2378 mecum]
1643 2339 1681 2376 -1-

271 2394 377 2425 nocte
404 2391 471 2424 hac
496 2391 571 2423 ΕΚ
621 2391 658 2423 11
689 2389 919 2433 pudicissima
945 2390 1019 2423 ΕΚ
1066 2393 1230 2422 sanctum
1257 2409 1300 2414 —-
1329 2389 1484 2432 domine]
1511 2400 1563 2421 om
1584 2388 1685 2423 B¹T1

274 2444 318 2477 14
343 2444 421 2486 suo]
449 2450 489 2484 -f-
520 2443 641 2476 omnia
673 2444 747 2477 ΕΚ
814 2444 854 2475 Ιῖ)
881 2442 945 2485 est]
974 2449 1012 2483 -ψ-
1040 2442 1159 2475 statim
1187 2443 1262 2476 ΕΚ
1327 2442 1368 2475 18
1400 2441 1596 2485 speremus]
1630 2453 1686 2475 ex—

272 2497 412 2540 plemus
443 2495 487 2530 Τ1
537 2497 643 2530 deum
671 2497 745 2530 ΕΚ
795 2497 836 2529 19
856 2496 1029 2539 relinquet
1060 2496 1134 2529 ΕΚ
1182 2497 1227 2528 20
1252 2495 1324 2537 sed]
1345 2498 1378 2529 et
1397 2496 1473 2529 ΕΚ
1520 2496 1560 2528 21
1596 2495 1686 2538 ipso]

273 2550 397 2584 eodem
425 2551 499 2583 ΕΚ
558 2550 602 2583 22
628 2549 664 2583 in
691 2550 853 2583 custodia
878 2549 914 2583 111
942 2548 1109 2582 interiore
1136 2549 1224 2585 ΕΚ;
1258 2549 1303 2590 et]
1331 2548 1388 2581 hic
1415 2549 1489 2581 ΕΚ
1547 2547 1686 2591 uidens]

274 2603 421 2636 audiens
448 2604 521 2636 ΕΚ
594 2607 628 2636 et
653 2613 750 2636 cons.
776 2604 828 2636 Κ8
890 2602 1040 2645 queque]
1074 2613 1142 2645 que
1169 2601 1223 2634 K²¹
1296 2602 1340 2635 26
1365 2600 1517 2644 queque]
1542 2611 1610 2644 que
1636 2600 1686 2635 Ε2
