1834 2967
784 116 1065 152 —130—

223 242 420 280 sedentem
448 239 554 278 iuxta
583 245 774 289 stagnum,
804 239 961 277 flentem
989 236 1241 276 amarissime.
1289 236 1389 274 Dicit
1417 235 1451 274 ei
1480 241 1640 274 sanctus

223 299 430 350 Georgius:
479 298 629 345 Mulier,
670 297 761 348 quid
803 298 960 348 ploras?
1008 297 1137 344 Quare
1177 296 1287 334 sedes
1328 294 1368 333 in
1410 295 1494 333 loco
1534 293 1636 333 isto?

222 359 322 397 Dicit
349 358 384 397 ei
403 357 559 396 mulier:
591 357 765 403 Domine,
796 356 938 406 aspicio
956 361 1155 406 aspectum
1173 360 1285 393 tuum
1304 354 1470 392 multum
1489 354 1641 392 honum

223 424 259 457 et
296 419 473 456 decorem
508 422 620 455 tuum
658 417 767 455 ualde
806 415 1006 466 optimum.
1071 415 1118 452 Et
1156 414 1348 463 quomodo
1386 413 1526 451 uenisti
1560 413 1638 451 hue

223 476 345 516 mori?
386 477 562 515 Ascende
597 489 742 525 equum
783 481 895 513 tuum
932 480 967 513 et
1005 473 1143 512 festina
1182 474 1310 523 fugere
1349 473 1395 511 de
1431 473 1514 510 loco
1551 471 1637 510 isto.

224 537 336 575 Tunc
363 541 519 575 sanctus
549 534 735 585 Georgius
772 534 866 572 dixit
903 533 954 572 ei:
994 532 1143 579 Mulier,
1181 533 1285 570 unde
1323 545 1363 570 es
1401 537 1441 570 tu
1480 536 1516 570 et
1553 530 1640 580 quis

224 596 388 646 populus
429 600 485 633 est
526 594 610 641 iste,
651 594 717 644 qui
757 593 797 632 in
840 594 999 632 circuitu
1040 599 1107 631 tuo
1149 595 1231 630 est‘?
1277 590 1374 629 Dicit
1415 591 1451 629 ei
1492 591 1639 641 puella:

224 654 400 701 Domine,
439 655 604 692 multum
643 653 854 703 angustior,
892 658 929 691 et
965 651 1050 690 ideo
1088 665 1167 690 non
1205 664 1365 701 possum
1400 650 1523 689 dicere
1552 649 1638 696 tibi;

226 715 293 752 sed
320 714 419 763 fuge,
448 714 566 752 homo
595 712 677 758 Dei,
713 711 904 758 uelociter,
945 725 994 750 ne
1029 711 1170 760 aliquid
1199 710 1290 749 mali
1319 709 1486 760 patiaris.
1542 708 1643 748 Dicit

151 774 200 811 10
228 772 261 810 ei
296 778 453 811 sanctus
483 771 689 821 Georgius:
729 770 799 809 Dic
836 770 968 815 michi,
1007 776 1044 809 et
1077 775 1205 809 tecum
1239 769 1382 808 moriar
1417 774 1453 807 et
1489 781 1569 807 non
1605 774 1646 807 te

226 833 412 870 deseram.
461 831 572 869 Tunc
601 830 694 868 dixit
723 829 758 868 ei
785 830 931 880 puella:
961 829 1136 875 Domine,
1165 829 1238 867 ista
1266 833 1323 867 est
1352 828 1487 867 ciuitas
1516 827 1641 873 Lasia,

224 891 264 929 in
295 903 371 940 qua
398 895 455 928 est
483 890 586 928 bona
605 888 681 927 vita
699 888 922 935 hominum;
953 890 1060 926 iuxta
1079 901 1195 938 quam
1225 893 1282 926 est
1302 889 1415 926 draco
1435 887 1643 937 malignus,

226 955 263 988 et
297 950 455 987 deuorat
492 954 617 986 totum
653 948 839 997 populum
877 946 1052 985 ciuitatis.
1109 947 1155 985 Et
1193 959 1262 996 ego
1299 960 1386 985 sum
1424 946 1538 985 unica
1572 946 1644 984 im-

226 1007 411 1059 peratoris
455 1007 542 1046 filia.
611 1007 657 1045 Et
699 1008 895 1045 decretum
938 1005 1065 1056 posuit
1110 1011 1217 1056 pater
1258 1019 1380 1052 meus,
1422 1012 1465 1044 ut
1507 1019 1643 1044 omnes

152 1069 200 1106 15
230 1069 364 1106 darent
393 1066 490 1105 filios
519 1079 610 1104 suos
639 1065 796 1104 draconi
823 1066 869 1103 ad
899 1065 1178 1104 deuorandum.
1234 1065 1280 1103 Et
1308 1078 1395 1103 cum
1425 1064 1646 1115 consumpti

228 1127 391 1166 fuissent
427 1139 574 1172 omnes,
617 1125 724 1164 uenit
766 1130 874 1175 pater
912 1137 1021 1162 meus
1059 1130 1096 1162 et
1133 1123 1269 1162 direxit
1307 1123 1466 1162 draconi
1503 1137 1567 1162 me
1603 1124 1641 1162 in

229 1199 368 1225 escam.
425 1186 538 1224 Modo
568 1184 644 1223 dixi
674 1184 743 1223 tibi
772 1183 913 1222 omnia.
972 1183 1076 1221 Vade
1113 1182 1150 1221 in
1189 1196 1293 1233 pace.
1349 1182 1522 1221 Audiens
1551 1196 1649 1221 uero

230 1251 386 1284 sanctus
415 1244 614 1294 Georgius,
645 1243 739 1281 dixit
767 1242 819 1282 ei:
849 1243 1002 1281 Amodo
1031 1255 1081 1280 ne
1109 1241 1258 1281 timeas.

339 1304 385 1342 Et
427 1303 567 1342 iterum
611 1302 705 1341 dixit
746 1303 779 1341 ei
820 1308 977 1340 sanctus
1020 1302 1225 1352 Georgius:
1274 1302 1386 1340 Pater
1428 1307 1536 1349 tuus,
1586 1302 1649 1341 cui

153 1366 204 1403 ΞΟ
232 1363 406 1402 immolat
425 1369 462 1401 et
481 1375 616 1401 omnes
638 1361 717 1401 tui?
753 1361 851 1400 Dicit
872 1361 906 1400 ei
926 1362 1071 1411 puella:
1101 1361 1183 1399 Ioui
1205 1366 1241 1400 et
1260 1360 1440 1411 Apollini.
1480 1361 1647 1400 Sanctus

232 1422 416 1472 Georgius
445 1421 540 1460 dixit
568 1421 619 1460 ei:
659 1421 743 1460 Noli
773 1421 919 1468 timere,
955 1422 1020 1459 sed
1057 1421 1270 1459 confortare
1298 1420 1338 1459 in
1368 1419 1545 1460 Domino.
1601 1421 1649 1460 Et

90 1489 207 1523 f01.96
233 1483 413 1521 eleuuans
434 1487 591 1520 sanctus
612 1480 798 1531 Georgius
824 1481 955 1519 oculos
976 1493 1066 1518 suos
1097 1482 1142 1519 ad
1164 1481 1287 1518 Deum
1307 1480 1454 1519 dicens:
1485 1479 1649 1519 Domine

232 1542 347 1588 Deus,
380 1541 442 1591 qui
472 1541 581 1579 sedes
611 1554 726 1590 super
747 1539 942 1579 Cherubin
972 1545 1008 1578 et
1035 1539 1196 1578 intueris
1216 1540 1388 1589 abyssos,
1418 1539 1484 1589 qui
1512 1553 1552 1578 es
1581 1553 1649 1590 per

233 1600 363 1640 omnia
392 1613 529 1648 uerus3
568 1606 610 1638 tu
649 1599 754 1638 enim
792 1599 865 1638 scis
902 1598 1151 1649 cogitationes
1187 1598 1404 1644 hominum,
1441 1604 1650 1648 antequam

154 1662 204 1699 25
233 1661 337 1699 fiant.
384 1659 459 1706 Qui
481 1659 680 1698 ostendisti
708 1672 895 1709 magnum
914 1657 1132 1708 prodigium
1151 1663 1304 1708 propter
1331 1658 1517 1696 famulum
1537 1663 1652 1696 tuum

231 1720 407 1769 Moysen:
452 1720 654 1757 ostendere
692 1717 860 1768 digneris
895 1731 964 1768 pro
999 1731 1061 1756 me
1089 1717 1371 1756 misericordias
1406 1722 1491 1756 tuas
1530 1723 1565 1756 et
1595 1718 1653 1756 fac

233 1792 388 1817 mecum
407 1778 562 1828 signum
591 1777 630 1815 in
653 1778 800 1816 bonum
831 1782 866 1815 et
894 1776 1002 1815 mitte
1028 1778 1128 1815 hanc
1148 1776 1469 1826 malignissimam
1489 1776 1654 1815 bestiam

235 1839 308 1876 sub
343 1837 505 1888 pedibus
542 1837 651 1883 meis,
688 1842 730 1875 ut
763 1842 999 1887 cognoscant
1028 1849 1176 1882 omnes,
1214 1835 1302 1885 quia
1337 1842 1379 1874 tu
1416 1849 1568 1874 mecum
1599 1849 1652 1875 es.

235 1898 281 1935 Et
310 1896 439 1935 statim
467 1896 574 1935 uenit
602 1910 678 1934 uox
709 1897 754 1934 de
782 1897 863 1934 celo
892 1895 1044 1934 dicens:
1083 1894 1233 1945 Georgi,
1273 1894 1402 1933 audita
1438 1900 1494 1933 est
1523 1896 1653 1945 depre-

157 1958 208 1995 30
236 1956 334 1995 catio
372 1962 438 1995 tua
476 1956 515 1994 in
550 1955 710 1994 auribus
740 1955 905 1994 Domini.
964 1956 1038 1993 Fac
1068 1956 1170 2004 quod
1199 1955 1279 2001 uis:
1320 1967 1388 2004 ego
1424 1954 1529 1992 enim
1566 1967 1655 1993 sum

238 2021 377 2054 tecum.

342 2075 388 2113 Et
418 2080 502 2125 post
536 2075 607 2113 hec
643 2075 763 2112 sactus
802 2080 859 2113 est
897 2087 1108 2112 concussus
1143 2086 1310 2123 magnus
1346 2073 1385 2111 in
1423 2072 1654 2111 arundineto

239 2147 439 2184 aquarum.
497 2134 543 2172 Et
579 2133 758 2172 clamauit
795 2146 891 2171 uoce
919 2146 1060 2183 magna
1089 2132 1215 2183 puella
1253 2138 1288 2171 et
1326 2131 1437 2170 dixit:
1478 2131 1653 2178 Domine,

240 2194 360 2244 surgit
389 2193 690 2243 malignissimus
726 2193 852 2231 draco.
911 2192 1075 2231 Sanctus
1104 2191 1290 2241 Georgius
1326 2191 1511 2230 festinans
1549 2191 1656 2229 uenit

160 2270 211 2292 ου
241 2253 278 2291 in
316 2266 520 2291 occursum
558 2251 716 2290 draconi
752 2258 789 2290 et
828 2251 969 2290 faciens
1008 2251 1163 2301 signum
1201 2257 1332 2289 sancte
1367 2250 1500 2289 Crucis
1539 2250 1653 2289 dixit:

240 2312 416 2358 Domine,
452 2313 553 2349 dona
590 2311 706 2349 miclii
736 2311 919 2349 uirtutem
958 2316 1090 2349 contra
1119 2310 1237 2348 istum
1266 2311 1472 2349 draconem
1503 2316 1658 2360 propter

241 2371 334 2410 istas
362 2370 577 2409 incredulas
607 2375 759 2420 gentes!
801 2370 845 2409 Et
874 2370 945 2409 hec
974 2370 1104 2408 dicens
1135 2383 1201 2420 per
1231 2370 1469 2408 uoluntatem
1490 2368 1655 2419 Spiritus

242 2430 364 2469 sancti
393 2436 428 2469 et
458 2429 690 2468 Sanctorum
720 2430 934 2468 orationem
972 2429 1103 2468 cecidit
1138 2430 1252 2467 draco
1291 2434 1379 2467 ante
1416 2429 1531 2479 pedes
1561 2428 1653 2466 eius.

242 2492 288 2529 Et
316 2489 409 2529 dixit
439 2495 594 2528 sanctus
621 2490 824 2539 Georgius:
866 2490 1007 2535 Puella,
1044 2489 1150 2527 solue
1180 2502 1316 2526 zonam
1347 2494 1451 2526 tuam
1481 2493 1517 2526 et
1547 2488 1656 2525 funes

165 2551 215 2588 40
244 2549 331 2599 equi
366 2549 453 2595 mei,
493 2555 528 2587 et
563 2550 685 2587 adduc
725 2548 852 2586 michi.
918 2549 962 2587 Et
999 2548 1113 2587 soluit
1151 2561 1287 2586 zonam
1323 2561 1433 2585 suam
1470 2552 1505 2584 et
1545 2547 1656 2585 funes

245 2608 331 2658 equi
361 2609 442 2647 eius
472 2614 506 2647 et
537 2608 637 2647 dedit
659 2614 790 2646 sancto
811 2608 984 2658 Georgio.
1029 2608 1073 2646 Et
1103 2608 1314 2646 secundum
1338 2606 1405 2645 Dei
1435 2611 1658 2656 preceptum

171 479 193 516 υτ
