1834 2967
690 123 975 159 —125—

130 244 227 283 bnis.
282 245 356 292 Qui
385 258 452 295 per
480 258 796 294 unumquemque
816 245 914 284 diem
945 244 1076 283 exiens
1097 246 1143 283 de
1172 258 1271 294 aqua
1290 245 1365 292 illa,
1395 245 1538 284 fortiter

128 303 360 353 preliabatur
388 309 522 342 contra
550 317 706 342 omnem
736 305 918 354 populum
948 303 1109 342 ciuitatis
1139 309 1176 342 et
1215 309 1347 342 contra
1376 304 1538 353 impera-

127 368 263 401 torem.
318 363 528 413 Imperator
556 368 684 401 autem
705 376 792 401 cum
822 362 927 400 omni
947 362 1114 401 exercitu
1143 375 1213 400 suo
1234 367 1270 400 et
1297 362 1538 401 multitudine

129 421 283 471 copiosa
311 421 443 460 exiens
472 423 518 460 de
546 421 695 460 ciuitate
723 423 917 471 pugnabat
945 427 1078 460 contra
1107 422 1332 468 draconem3
1363 427 1398 459 et
1424 434 1538 459 nemo

127 486 274 530 poterat
302 481 335 519 ei
364 481 551 527 resistere,
581 481 670 530 quia
697 481 808 518 ualde
835 480 942 518 fortis
971 485 1061 519 erat.
1105 480 1390 529 Consurgentes
1411 485 1537 518 autem
1593 482 1616 519 5

129 553 264 578 omnes
306 539 538 578 unanimiter
580 553 602 577 a
639 552 758 589 paruo
794 552 916 588 usque
950 540 997 577 ad
1035 552 1233 588 magnum,
1275 538 1537 577 clamauerunt

127 604 260 638 contra
280 599 549 649 imperatorem
569 598 755 637 dicentes:
787 598 886 645 Quid
906 597 1079 644 facimus⁷
1109 597 1339 647 imperator?
1376 597 1537 643 Qualem

126 657 404 696 habitationem
430 657 493 695 hic
520 656 775 695 habebimus?
818 656 898 694 Nos
927 656 1031 695 enim
1058 669 1193 695 omnes
1221 655 1321 694 male
1350 656 1536 705 perimus;

127 722 164 755 et
192 716 272 763 tibi,
300 717 518 766 imperator⁷
559 716 665 754 nulla
694 729 785 754 cura
813 721 870 754 est
899 716 945 753 de
984 716 1107 754 nobis.
1163 716 1373 765 Imperator
1410 720 1536 753 autem

126 777 198 814 hec
227 775 386 814 audiens
406 775 517 813 ualde
546 774 776 813 conterritus
797 779 853 813 est
873 780 909 813 et
938 774 1030 812 dixit
1050 774 1190 824 populo
1218 787 1306 812 suo:
1324 773 1536 811 xFaciamus
1570 777 1617 813 10

126 836 228 873 hanc
257 833 566 872 conuenientiam
595 833 693 872 inter
714 847 802 872 nos:
833 833 1105 883 Unusquisque
1138 834 1184 872 de
1215 832 1326 871 nobis
1358 833 1420 870 det
1441 832 1536 870 filios

125 887 217 932 suos
246 892 402 931 draconi
420 893 467 930 ad
497 893 774 938 deuorandum,
804 893 867 942 qui
888 892 959 931 sibi
988 897 1100 930 erunt
1120 891 1227 942 quasi
1255 892 1535 930 holocaustum.

126 952 255 990 Primo
289 957 417 990 autem
460 952 597 990 dabitis
639 965 708 990 uos
747 952 842 990 filios
881 957 1050 999 uestros3
1102 952 1194 989 dum
1232 956 1360 989 autem
1402 963 1536 989 omnes

127 1011 303 1061 completi
322 1011 488 1057 fuerunt,
519 1016 610 1049 tunc
636 1016 672 1049 et
693 1025 761 1060 ego
779 1011 931 1050 unicam
952 1011 1067 1049 filiam
1088 1024 1213 1049 meam
1229 1011 1347 1055 dabo3
1379 1009 1533 1048 forsitan

125 1070 287 1108 dimittet
316 1070 398 1108 sine
436 1069 580 1108 lesione
618 1070 810 1108 ciuitatem
849 1076 1032 1108 nostram.
1089 1069 1135 1108 Et
1170 1069 1396 1119 placuerunt
1431 1068 1536 1106 omni
1569 1071 1614 1108 15

126 1129 265 1179 populo
295 1130 413 1167 uerba
441 1129 524 1176 ista,
563 1129 831 1179 incipientibus
869 1130 960 1168 dare
997 1129 1262 1179 unusquisque
1300 1128 1396 1166 filios
1433 1140 1535 1166 suos.

233 1188 330 1226 Cum
351 1193 478 1226 autern
499 1201 634 1227 omnes
655 1189 832 1239 completi
859 1189 1031 1235 fuissent,
1061 1194 1154 1226 tunc
1181 1193 1373 1226 uenerunt
1402 1199 1536 1225 omnes

126 1247 266 1297 pariter
295 1249 342 1285 ad
371 1247 641 1298 imperatorem
671 1248 856 1286 dicentes:
896 1248 954 1286 Da
982 1253 1018 1286 et
1047 1253 1088 1285 tu
1117 1247 1233 1285 modo
1273 1246 1388 1284 filiam
1417 1251 1535 1291 tuam,

126 1306 216 1355 quia
244 1306 311 1345 filii
339 1307 460 1345 nostri
489 1320 624 1345 omnes
662 1307 839 1356 completi
868 1312 970 1346 sunt.
1027 1307 1137 1345 Tunc
1174 1306 1380 1356 imperator
1415 1305 1535 1343 induit

126 1365 243 1404 filiam
272 1379 381 1404 suam
411 1366 650 1405 uestimentis
686 1366 877 1416 regalibus
912 1371 948 1404 et
977 1365 1126 1415 parauit
1160 1379 1246 1404 eam
1284 1364 1392 1413 quasi
1421 1377 1534 1414 spon-
1564 1366 1615 1403 20

125 1438 228 1471 sam3
259 1430 294 1463 et
323 1426 549 1463 deosculans
579 1439 662 1463 eam
694 1438 782 1463 cum
810 1425 976 1463 lacrimis
1006 1425 1098 1462 dixit
1127 1424 1178 1463 ei:
1221 1424 1337 1470 Vadey
1379 1423 1430 1461 mi
1461 1423 1534 1461 filia

126 1484 355 1530 dulcissima,
398 1485 445 1522 ad
487 1485 650 1523 ferocem
694 1486 912 1523 draconem.
975 1485 1021 1522 Et
1061 1483 1157 1534 cepit
1198 1483 1343 1521 fortiter
1386 1482 1534 1532 plorare

125 1556 210 1581 eam
231 1543 377 1582 dicens:
408 1544 493 1582 Heu
514 1557 588 1590 me,
618 1544 693 1582 filia
712 1557 798 1582 mea
818 1543 1051 1590 dulcissima,
1082 1549 1122 1581 tu
1143 1541 1364 1581 confortasti
1384 1555 1534 1591 semper

126 1602 328 1652 imperium
356 1617 499 1641 meum.
556 1603 643 1641 Heu
671 1616 745 1650 mey
775 1609 816 1641 tu
845 1616 996 1653 semper
1030 1602 1131 1640 fuisti
1168 1603 1299 1640 lumen
1335 1601 1533 1639 oculorum

125 1674 300 1700 meorum
330 1667 366 1700 et
395 1663 574 1712 splendor
602 1662 751 1712 imperii
779 1662 866 1700 mei.
923 1662 1010 1701 Heu
1038 1675 1113 1708 me,
1144 1661 1230 1707 filia,
1261 1661 1417 1710 quando
1435 1660 1534 1698 dabo
1563 1661 1612 1698 25

127 1721 193 1758 tihi
235 1724 448 1770 sponsum?
483 1720 497 1771 ΙΙ
532 1722 695 1768 Quando
741 1722 876 1760 faciam
919 1721 1071 1771 nuptias
1113 1722 1159 1758 de
1201 1724 1261 1758 te?
1329 1720 1415 1757 Heu
1458 1730 1664 1765 me,s01.173

127 1779 218 1826 filia,
266 1793 352 1819 ecce
389 1782 506 1819 modo
548 1781 647 1819 dabo
688 1786 726 1819 te
767 1780 922 1819 draconi
959 1781 1006 1818 ad
1049 1780 1337 1825 deuorandum,
1388 1784 1424 1816 ct
1465 1791 1533 1827 ego

127 1852 265 1877 maneo
306 1852 373 1889 pro
416 1845 451 1878 te
491 1839 530 1877 in
578 1840 843 1878 amaritudine.
913 1840 1000 1878 Heu
1041 1852 1104 1877 me
1150 1837 1237 1884 filia,
1280 1838 1434 1887 quando
1475 1850 1532 1875 ac-

126 1897 264 1947 cipiam
318 1911 501 1937 coronam
551 1904 587 1937 et
641 1899 751 1949 capiti
799 1912 886 1937 meo
933 1902 1101 1948 ponam?
1170 1897 1334 1944 Quando
1381 1896 1532 1934 audiam

128 1958 194 2002 (1a
213 1958 346 2006 audio)
381 1971 524 2008 organa
562 1964 598 1996 et
636 1959 807 2008 timpana
839 1963 874 1996 et
907 1958 1008 2004 liras,
1039 1970 1230 2006 omneque
1263 1969 1383 2006 genus
1417 1955 1535 1994 musi·
1563 1958 1614 1994 30

126 2029 258 2054 corum
289 2017 327 2054 in
358 2017 472 2056 domo
505 2031 591 2056 mea
621 2031 688 2067 pro
724 2023 771 2064 te,
811 2017 911 2055 filia?
979 2017 1143 2064 Quando
1176 2016 1307 2054 bibam
1346 2015 1532 2065 optimum

127 2075 261 2113 uinum
290 2088 378 2114 cum
408 2076 493 2114 filiis
522 2081 682 2126 regum?
730 2077 894 2123 Quando
915 2077 1049 2114 faciam
1079 2089 1265 2126 pauperes
1292 2075 1388 2113 letos
1418 2076 1463 2112 de
1483 2079 1531 2121 te,

127 2134 202 2172 filia
247 2135 300 2173 mi
340 2135 583 2175 dulcissima?
648 2136 735 2174 Heu
763 2149 838 2182 me,
880 2135 965 2182 fllia,
1014 2136 1167 2185 quando
1209 2134 1346 2173 uidebo
1388 2134 1531 2172 fructus

128 2193 268 2232 ventris
298 2195 375 2233 tui?
430 2195 515 2233 Heu
556 2208 629 2242 me,
675 2208 832 2233 necesse
866 2195 968 2233 enim
1007 2194 1123 2232 michi
1160 2199 1216 2232 θεῖ
1251 2199 1291 2232 ut
1328 2194 1467 2231 uadam
1497 2198 1531 2231 et

126 2252 294 2291 diuidam
315 2266 478 2303 regnum
505 2267 635 2292 meum
651 2267 739 2293 cum
755 2254 957 2300 extraneis,
980 2254 1068 2303 quia
1086 2267 1158 2292 nec
1176 2253 1296 2291 filium
1325 2265 1395 2290 nec
1415 2252 1529 2290 filiam
1560 2253 1609 2289 35

126 2312 250 2350 habeo
278 2317 402 2362 preter
430 2319 478 2351 te.
535 2313 620 2351 Heu
649 2327 723 2360 me,
755 2313 844 2363 quid
874 2313 1008 2352 faciam
1038 2314 1083 2351 de
1111 2312 1271 2362 imperio
1300 2315 1411 2350 meo?

232 2371 277 2408 Et
307 2384 515 2410 conuersus
544 2373 591 2410 ad
631 2373 813 2423 populum
842 2372 951 2410 dixit:
991 2372 1128 2410 Tollite
1163 2386 1185 2410 a
1221 2384 1283 2409 me
1321 2383 1458 2409 aurum
1496 2375 1530 2407 et

126 2436 328 2480 argentum
348 2436 534 2480 quantum
554 2432 681 2479 uultis,
711 2437 747 2470 et
767 2431 940 2470 dimittite
960 2431 1075 2469 michi
1094 2431 1247 2469 unicam
1268 2430 1383 2468 filiam
1403 2442 1529 2467 meam

126 2489 397 2528 dulcissimam.
455 2490 499 2528 Et
528 2490 649 2529 noluit
678 2491 840 2541 populus
869 2491 1109 2540 acquiescere
1137 2489 1203 2536 illi,
1241 2502 1286 2527 eo
1316 2489 1417 2538 quod
1451 2487 1530 2537 ipse

126 2549 199 2587 hoc
227 2549 470 2589 iudicauerat.
528 2549 637 2588 Tunc
666 2550 880 2600 imperator,
920 2550 1055 2588 uidens
1088 2549 1177 2599 quia
1205 2548 1325 2587 noluit
1368 2548 1528 2598 populus
1560 2547 1609 2583 40

127 2607 314 2647 dimittere
342 2621 439 2655 eam,
476 2608 593 2647 iratus
622 2615 678 2648 est
716 2610 826 2648 ualde
855 2615 891 2648 et
919 2609 1015 2659 cepit
1052 2609 1142 2647 flere
1180 2605 1529 2652 uehementissime,
