1834 2967
417 240 524 291 Cepit
553 245 681 279 autem
710 240 911 291 episcopus
940 240 1050 278 irasci
1080 245 1213 278 contra
1237 253 1326 278 eum
1357 240 1419 290 qui
1449 253 1580 278 curam
1600 240 1726 278 balnei

310 300 489 345 habebat,
521 301 628 349 quasi
649 304 749 338 esset
768 304 1009 350 contemptor
1030 304 1065 337 et
1086 299 1283 349 negligens
1305 299 1504 337 seruitium
1530 299 1724 349 publicum

311 366 348 398 et
376 359 491 398 totius
521 357 684 397 ciuitatis
713 358 887 397 salutem.
945 359 1008 397 Ille
1037 371 1129 396 uero
1158 357 1288 397 fideles
1323 364 1359 396 et
1387 357 1584 407 religiosos
1620 357 1725 396 uiros

312 418 468 457 adduxit
496 417 537 456 in
566 417 829 456 testimonium
858 417 921 467 qui
948 417 1032 455 heri
1052 422 1088 456 et
1108 416 1390 455 nudiustercius
1418 417 1592 455 lauerant
1617 430 1659 455 se
1686 417 1727 454 in

259 479 282 515 5
313 479 448 516 eodem
477 477 628 524 balneo,
668 477 731 526 qui
769 477 1071 515 testificabantur
1100 477 1198 514 bene
1227 475 1342 514 fuisse
1380 475 1546 514 calidum
1581 480 1618 514 et
1651 481 1727 514 stu-

189 542 293 576 Ε146
312 536 469 575 diatum.
517 536 694 574 Afferens
709 541 839 575 autem
860 536 1038 586 episcopo
1059 535 1142 574 illos
1163 535 1228 585 qui
1248 534 1262 585 ΙΙ
1284 535 1479 573 fornacem
1496 536 1728 573 succendere

314 596 413 634 soliti
441 601 564 643 erant,
594 595 793 645 uapulauit
813 608 874 634 eos
902 608 971 645 pro
1000 608 1045 633 eo
1066 596 1168 644 quod
1198 607 1277 633 non
1307 594 1417 633 solito
1437 607 1545 632 more
1573 607 1728 633 succen-

313 656 449 694 derant
477 667 562 693 sero
591 654 654 692 illa
683 655 891 693 fornacem.
949 653 1004 691 Illi
1034 667 1126 692 uero
1155 653 1332 692 dicebant
1370 666 1411 692 se
1447 653 1552 703 ligna
1578 653 1729 691 misisse

313 713 426 752 etiarn
465 727 582 763 supra
617 726 732 762 quam
767 718 1050 751 consueuerant
1090 718 1127 751 et
1168 712 1368 762 diligenter
1405 713 1598 751 clausisse.
1655 713 1730 750 Ad-

237 774 286 811 10
314 773 460 811 mirans
489 777 618 811 autem
647 771 848 822 episcopus
878 771 1043 810 dicebat:
1072 771 1302 810 Nullatenus
1322 772 1488 817 credam,
1517 771 1592 809 nisi
1612 771 1731 809 oculis

314 832 410 870 meis
439 832 613 870 uideam*
643 832 844 869 carbones.
900 831 1046 869 Eamus
1075 844 1165 881 ergo
1194 832 1242 869 ad
1270 831 1477 870 fornacem.

423 890 521 929 Cum
550 894 678 928 autem
707 889 891 936 abissent,
928 889 1161 928 inuenerunt
1197 903 1239 928 os
1269 890 1409 929 camini
1438 890 1636 940 diligenter
1665 890 1730 928 ob·
1780 901 1783 903 ’

316 956 487 989 strusum
528 954 565 987 et
605 949 769 987 linitum.
826 948 999 998 Precepit
1036 961 1129 987 uero
1163 954 1205 987 ut
1242 949 1445 987 delinirent
1483 954 1519 988 et
1557 950 1733 988 tollerent

315 1009 491 1059 lapidem.
536 1007 622 1055 Quo
651 1008 750 1046 facto
771 1007 900 1046 statim
929 1020 1023 1057 puer
1052 1007 1140 1045 exiit
1168 1007 1270 1046 foras
1289 1008 1440 1046 habens
1468 1007 1603 1047 faciem
1623 1008 1733 1057 quasi

240 1069 286 1106 15
316 1067 439 1117 angeli
478 1067 757 1117 splendentem.
816 1067 1078 1105 Tremefactus
1117 1066 1318 1117 episcopus
1356 1066 1394 1105 in
1433 1068 1507 1106 hoc
1543 1068 1732 1118 stupendo

317 1125 500 1165 miraculo
530 1125 720 1175 simulque
740 1125 936 1164 admirans
966 1139 1054 1164 cum
1074 1125 1255 1164 omnibus
1285 1125 1349 1175 qui
1373 1126 1546 1171 aderant,
1566 1126 1733 1177 precepit

317 1186 644 1236 comprehendere
673 1198 737 1224 eos
768 1184 832 1234 qui
862 1184 1059 1224 caminum
1088 1186 1321 1224 succendere
1351 1185 1450 1224 soliti
1479 1191 1600 1224 erant.
1647 1185 1734 1224 Cesi

316 1251 445 1283 autem
475 1245 616 1283 diutius
647 1244 810 1283 confessi
840 1250 931 1283 sunt
966 1245 1055 1294 quia
1083 1257 1170 1283 sero
1205 1245 1368 1283 eandem
1396 1244 1520 1283 uicem
1550 1245 1733 1283 dederant

315 1304 460 1343 hebreo
503 1304 760 1343 succendendi
803 1303 1012 1343 caminum.
1076 1303 1391 1354 Comprehensus
1433 1317 1526 1342 uero
1567 1304 1734 1342 hebreus

239 1365 290 1402 ΞΟ
318 1369 432 1413 atque
461 1363 662 1402 crudeliter
691 1376 814 1410 cesus,
853 1363 1052 1401 confessus
1087 1368 1144 1401 est
1179 1363 1310 1401 omnia
1338 1376 1405 1413 per
1441 1363 1616 1401 ordinem
1645 1376 1735 1412 que-

211 1429 293 1462 868
320 1436 393 1472 que
422 1423 521 1461 facta
550 1427 586 1461 et
615 1422 715 1461 dicta
743 1423 905 1462 fuerant.
935 1420 950 1472 ΙΙ
979 1422 1112 1471 Neque
1147 1422 1252 1461 enim
1280 1435 1420 1472 negare
1450 1427 1609 1472 poterat,
1647 1435 1735 1460 cum

319 1495 413 1532 puer
441 1494 601 1532 presens
630 1482 780 1520 adesset
810 1494 925 1531 quem
954 1482 1112 1531 putabat
1141 1481 1307 1520 cinerem
1337 1494 1421 1519 esse
1449 1482 1603 1520 sactum.

175 1548 304 1582 K127v
424 1541 515 1579 Erat
544 1546 673 1579 autem
702 1540 876 1579 mirabile
905 1541 991 1579 uisu
1012 1539 1027 1591 ΙΙ
1047 1546 1085 1579 et
1112 1541 1321 1590 gloriosum
1359 1546 1395 1579 et
1431 1540 1585 1579 illorum
1619 1540 1734 1579 trium

319 1613 528 1649 puerorum
556 1613 624 1650 per
654 1600 784 1638 omnia
813 1600 946 1638 simile.
1003 1599 1091 1638 Non
1120 1600 1225 1638 enim
1259 1600 1416 1650 capillus
1445 1599 1578 1650 capitis
1613 1599 1735 1638 fuerat

240 1662 290 1699 25
319 1660 491 1706 adustus,
531 1659 641 1698 sicuti
677 1659 848 1706 illorum3
887 1672 965 1697 non
1005 1659 1236 1698 uestimenta
1275 1659 1355 1697 eius
1397 1664 1506 1697 erant
1546 1659 1736 1697 inmutata

318 1731 445 1767 neque
474 1719 568 1757 odor
596 1718 695 1768 ignis
715 1723 797 1756 erat
825 1718 863 1756 in
886 1731 943 1765 eo,
973 1717 1083 1756 sicuti
1112 1719 1247 1756 beatus
1267 1717 1401 1756 Daniel
1421 1717 1647 1756 admirando
1667 1717 1735 1755 Dei

318 1777 498 1816 uirtutem
530 1782 619 1816 ante
653 1777 926 1827 prescn‘pserat
963 1778 1009 1815 de
1037 1777 1131 1815 illis*
1160 1777 1280 1815 tribus
1319 1777 1431 1815 sociis
1466 1777 1557 1824 suis,
1596 1777 1661 1826 qui
1695 1777 1734 1814 in

320 1837 577 1875 babilonicam
606 1837 800 1875 fornacem
828 1837 936 1875 missi
965 1837 1128 1875 fuerant.

425 1896 585 1935 Dicebat
626 1902 755 1935 autem
793 1898 860 1934 hoc
897 1909 1002 1946 puer,
1045 1896 1134 1945 quia
1175 1909 1263 1934 cum
1306 1895 1494 1946 proiectus
1533 1908 1658 1934 essem
1696 1894 1735 1933 in

241 1957 292 1994 30
322 1956 519 1994 flammam
550 1955 662 2006 ignis,
702 1955 780 1994 uidi
809 1956 972 1994 formam
1002 1955 1170 1993 mulieris
1200 1960 1407 2005 purpurate
1435 1967 1509 2004 que
1538 1955 1735 1993 flammam

208 2021 296 2055 1388
321 2014 567 2064 extinguebat
597 2019 632 2052 et
661 2027 723 2052 me
752 2014 1008 2064 refrigerabat.
1067 2014 1177 2061 Quod
1216 2013 1414 2052 audientes
1452 2027 1476 2052 a
1509 2026 1628 2064 puero
1648 2012 1662 2063 ΙΙ
1683 2013 1735 2051 hii

201 2081 231 2115 T
249 2081 294 2114 59
322 2074 383 2122 qui
413 2074 584 2120 aderant,
614 2078 880 2123 cognouerunt
909 2079 1082 2112 sanctam
1108 2073 1175 2112 Dei
1205 2073 1426 2123 genitricem
1447 2071 1461 2123 ΙΙ
1483 2079 1519 2112 et
1547 2073 1736 2122 uirginem

322 2133 438 2170 fuisse
450 2133 645 2171 Mariam*.
690 2133 808 2171 Cuius
827 2132 1167 2171 intercessionibus
1187 2145 1323 2170 omnes
1342 2132 1380 2170 in
1402 2132 1476 2170 fide
1498 2132 1736 2178 roboremur,

322 2197 359 2230 et
388 2206 409 2229 a
438 2192 592 2230 flamma
623 2192 743 2230 eterni
773 2192 936 2230 incendii
958 2205 1025 2242 per
1045 2191 1338 2230 conuersionem
1366 2192 1546 2229 bonorum
1577 2203 1736 2241 operum

431 2407 452 2437 (i
495 2405 767 2448 apprehendens
806 2425 847 2430 -—
888 2403 1075 2448 episcopus
1099 2404 1181 2438 ΕΚ
1249 2403 1267 2436 7
1310 2406 1411 2437 erant
1448 2401 1662 2436 succendere
1700 2402 1740 2434 K

327 2460 348 2489 8
374 2469 452 2493 sera
476 2459 552 2492 ΕΚ
602 2460 642 2491 13
669 2462 789 2492 autem
817 2459 890 2492 EK
942 2459 983 2491 14
1008 2469 1079 2501 quo
1106 2457 1213 2500 facto]
1239 2460 1447 2490 continuant
1473 2456 1543 2489 BT
1591 2455 1633 2488 18
1658 2465 1737 2488 sera

326 2512 450 2546 eadem
469 2515 573 2545 nocte
591 2511 669 2546 decl.
689 2511 787 2546 hebr.
807 2512 923 2545 uicem
943 2512 1017 2545 ΕΚ
1063 2511 1110 2544 20
1127 2510 1246 2553 atque]
1263 2513 1298 2544 et
1315 2511 1356 2543 Κ
1401 2508 1553 2552 queque]
1578 2518 1647 2552 que
1667 2508 1742 2541 EK

326 2566 371 2599 ⁹23
397 2565 490 2608 uisu]
519 2569 555 2605 -ἱ-
585 2567 680 2598 certe
706 2566 781 2598 ΕΚ
843 2565 885 2598 2'7
913 2565 994 2598 uirt.
1020 2564 1082 2597 Dei
1109 2565 1149 2597 Κ
1211 2564 1255 2596 29
1290 2566 1411 2596 autem
1442 2563 1504 2595 Τ7η
1570 2562 1615 2595 30
1642 2561 1738 2595 flam.

326 2618 430 2661 ignis]
457 2620 639 2652 fornacem
667 2619 739 2652 ΕΚ
789 2618 833 2650 ΞΗ·
859 2617 904 2660 ct]¹
932 2621 965 2651 ut
996 2618 1068 2651 ΕΚ
