1834 2967
707 125 969 162 —91—

195 273 270 314 29.
306 272 379 313 De
409 270 618 325 quodam
643 272 907 325 peccatore
937 270 988 311 et
1016 268 1158 323 penis
1191 268 1482 310 inferorum.

132 362 352 448 Tempore
371 360 502 400 Nicete
522 359 671 411 patricii
699 359 739 398 in
761 359 964 409 Cartagine
984 359 1081 397 facta
1101 365 1157 397 est
1179 372 1237 397 res
1259 357 1543 397 huiuscemodi:

223 420 404 459 Taxiotas
435 419 592 469 quidam
612 424 691 458 erat
720 418 760 456 in
782 417 962 468 pretori0‚
992 417 1031 455 in
1054 417 1217 468 peccatis
1238 417 1369 455 multis
1389 418 1543 466 degens.

134 479 207 517 Hic
245 485 387 525 autem,
426 491 516 517 cum
550 479 656 525 facta
694 483 794 515 esset
828 475 1040 515 mortalitas
1077 489 1219 526 magna
1254 476 1292 513 in
1331 476 1545 525 Cartagine,

133 543 377 588 conpunctus
407 543 474 584 est,
505 543 541 575 et
571 536 702 575 exiens
732 537 778 574 de
807 535 960 574 ciuitate
1001 534 1097 573 sedit
1134 534 1173 573 in
1213 536 1381 583 quodam
1415 534 1546 584 predio
1603 538 1625 574 5

135 597 242 635 iuxta
282 596 490 640 ciuitatem,
532 596 670 634 tollens
706 607 840 632 secum
882 599 918 632 et
956 593 1152 644 propriam
1188 606 1360 631 uxorem.
1418 594 1547 642 Itaque

133 669 225 694 cum
253 660 352 694 esset
382 654 491 704 quasi
510 653 550 692 in
580 653 791 704 penitentia
819 652 860 690 in
881 652 944 691 illo
964 653 1060 698 loco⁷
1091 651 1278 698 diabolus,
1310 651 1375 701 qui
1402 651 1549 689 inuidet

134 713 341 753 saluationi
368 719 404 752 et
433 712 671 763 penitencie
698 711 916 758 hominum,
947 710 1189 762 precipitauit
1218 716 1255 749 et
1283 710 1358 748 illic
1388 724 1478 748 eum
1507 710 1546 748 in
1566 718 1591 751 Β
1608 718 1673 750 100

132 772 365 812 adulterium
393 785 483 810 cum
511 784 631 810 uxore
660 770 824 821 agricole
860 770 926 820 qui
966 775 1046 809 erat
1074 769 1115 807 in
1144 769 1288 820 predio.
1331 770 1438 808 xPost
1468 769 1548 807 dies

131 837 264 871 autem
291 844 445 881 paucos,
488 836 694 881 postquam
734 831 878 880 lapsus,
921 842 1127 880 percussus
1168 828 1208 867 in
1250 827 1409 878 inguine
1449 840 1548 866 mor·
1582 830 1628 867 10

134 896 224 930 tuus
253 896 321 929 est.

240 947 519 987 Monasterium
547 961 639 987 uero
670 952 750 986 erat
778 946 1000 998 proximum
1020 946 1131 996 quasi
1160 945 1370 985 miliarium
1399 959 1547 992 unum;

135 1007 174 1046 in
213 1009 315 1057 quod
353 1007 487 1046 abiens
525 1020 623 1046 uxor
644 1006 658 1057 ΙΙ
679 1006 761 1045 eius
800 1005 948 1056 rogauit
977 1006 1203 1044 monachos.
1260 1006 1306 1043 Et
1344 1004 1673 1045 uenientesT74v

134 1067 306 1106 tulerunt
346 1080 486 1116 corpus
524 1069 604 1104 eius
642 1071 678 1104 et
720 1065 953 1116 sepelierunt
990 1064 1084 1103 illud
1122 1064 1162 1102 in
1202 1063 1372 1103 ecclesia.
1444 1063 1551 1101 Hora

135 1140 228 1165 uero
258 1131 338 1165 erat
367 1125 478 1175 quasi
505 1125 633 1164 tercia.
672 1124 884 1163 Psallentes
913 1138 1007 1163 uero
1035 1124 1175 1162 horam
1198 1137 1357 1170 nonam,
1388 1122 1550 1161 audiunt
1582 1124 1628 1162 15

135 1198 273 1224 uocem
302 1184 412 1234 quasi
440 1198 486 1223 ex
523 1184 713 1234 profundo
748 1183 955 1222 dicentem:
992 1182 1230 1221 Miseremini
1267 1182 1355 1229 mei⁷
1391 1181 1551 1220 misere-

134 1244 232 1282 mini
260 1243 348 1282 mei.
389 1244 601 1293 Sequentes
630 1256 724 1282 uero
753 1243 969 1281 secundum
998 1241 1187 1281 tinnitum
1216 1241 1406 1288 clamoris,
1436 1254 1550 1279 uene-

137 1308 228 1342 runt
256 1316 380 1353 usque
400 1304 447 1341 ad
468 1303 728 1352 sepulchrum.
773 1302 818 1340 Et
838 1301 1053 1352 aperientes
1073 1300 1167 1339 illud
1197 1300 1432 1339 inuenerunt
1462 1313 1551 1338 eum

138 1363 378 1401 clamantem.
421 1362 467 1399 Et
495 1361 568 1400 cito
589 1374 680 1399 eum
708 1362 881 1399 leuantes
902 1365 938 1399 et
968 1360 1150 1399 sindones
1171 1365 1285 1409 atque
1314 1359 1551 1409 operimenta

138 1421 323 1467 tollentes,
353 1420 642 1470 interrogabant
671 1433 762 1458 eum
790 1419 880 1468 quid
900 1420 975 1458 hoc
1003 1424 1115 1465 esset,
1145 1418 1242 1457 scire
1262 1419 1438 1457 uolentes
1459 1417 1550 1467 quid
1579 1419 1630 1457 020

138 1479 298 1518 uidisset
326 1485 392 1518 aut
421 1479 512 1529 quid
542 1479 762 1529 contigisset
791 1478 855 1517 illi.
912 1479 977 1517 Ille
997 1491 1090 1517 uero
1112 1478 1265 1516 nullum
1293 1479 1383 1516 dare
1405 1482 1551 1527 poterat

137 1552 369 1589 responsum
397 1551 463 1588 pre
491 1537 739 1576 multitudine
767 1537 1016 1576 lacrimarum
1036 1536 1050 1587 ΙΙ
1071 1542 1107 1575 et
1136 1537 1274 1575 luctus.
1564 1543 1590 1576 E
1607 1543 1693 1576 169v

244 1598 418 1647 Rogabat
447 1602 576 1635 autem
605 1610 682 1643 eos,
721 1601 762 1635 ut
792 1597 1045 1647 perducerent
1073 1595 1183 1634 illum
1210 1597 1256 1634 ad
1296 1607 1455 1633 seruum
1483 1593 1552 1633 Dei

139 1656 377 1703 Thalasium,
415 1656 480 1706 qui
508 1661 628 1695 totam
655 1656 826 1694 Africam
861 1656 1077 1694 decorabat.
1135 1655 1183 1693 Vt
1217 1659 1348 1693 autem
1382 1654 1552 1704 deporta-

142 1721 284 1755 uerunt
312 1729 403 1754 eum
431 1722 465 1754 et
495 1720 754 1754 narrauerunt
783 1728 856 1765 que
885 1714 1127 1765 contigerant
1155 1713 1253 1760 uiro,
1290 1711 1553 1764 perseuerauit
1582 1714 1632 1751 25

139 1788 306 1825 magnus
327 1772 342 1825 ΙΙ
363 1774 566 1813 Thalasius
602 1775 817 1813 admonens
852 1787 917 1812 eos
955 1787 1022 1824 per
1052 1779 1128 1812 tres
1167 1772 1259 1819 dies,
1298 1771 1466 1810 iubendo
1501 1770 1678 1811 illiK152

142 1839 185 1872 ut
227 1839 400 1872 narraret
442 1847 516 1882 que
557 1833 717 1872 uiderat.
775 1834 820 1872 Et
849 1832 915 1871 uix
953 1832 1160 1882 aliquando
1198 1830 1319 1882 potuit
1354 1831 1554 1869 absoluere

141 1898 276 1942 quarta
305 1892 364 1931 die
394 1892 599 1931 articulum
627 1892 782 1942 linguae
822 1905 891 1930 sue
927 1897 963 1931 et
991 1892 1174 1930 reducere
1213 1904 1279 1941 pre
1307 1889 1554 1929 multitudine

140 1951 367 2002 gemituum.
422 1952 467 1990 Et
498 1965 661 1990 narrans
690 1965 780 1990 cum
808 1950 975 1990 lacrimis
1005 1950 1136 1989 multis
1167 1950 1333 1988 dicebat:

248 2011 326 2061 Ego
355 2012 510 2060 quando
551 2011 644 2049 ueni
680 2016 722 2049 ut
763 2010 882 2048 finem
923 2010 1100 2056 facerem,
1143 2009 1325 2047 uidebam
1367 2009 1556 2058 quosdam
1583 2009 1634 2046 30

141 2071 332 2120 Ethyopes
361 2075 529 2108 astantes
549 2069 679 2115 michi,
711 2083 878 2119 quorum
906 2069 1149 2108 solummodo
1171 2072 1346 2118 aspectus
1373 2066 1554 2106 omnibus

141 2128 343 2168 tormentis
373 2128 501 2168 seuior
521 2134 612 2167 erat.
653 2130 759 2176 Quos
788 2134 830 2167 ut
859 2127 956 2166 uidit
985 2126 1115 2166 anima
1143 2140 1242 2174 mea⁷
1272 2127 1499 2166 turbabatur
1519 2131 1555 2164 et

251 2304 272 2336 2
298 2302 410 2336 Niceti
426 2302 506 2336 ΕΚ
566 2301 757 2344 Kartagine
774 2302 853 2336 EK
914 2301 935 2334 5
961 2303 995 2334 et
1017 2301 1060 2334 TS
1122 2300 1143 2333 8
1168 2299 1256 2333 salu.
1271 2299 1368 2333 hom.
1387 2302 1420 2333 et
1445 2298 1554 2342 penit.

141 2356 188 2390 ab
213 2355 314 2390 initio
341 2356 420 2390 ΕΚ
465 2366 549 2389 eum
583 2358 617 2388 et
641 2354 713 2389 illic
738 2355 779 2388 K
828 2354 872 2387 10
896 2353 1029 2397 lapsus]
1058 2355 1097 2394 —4-
1126 2356 1180 2387 est
1209 2352 1287 2387 ΕΚ
1344 2352 1386 2386 13
1413 2351 1555 2395 quodue

142 2410 237 2449 EK;
277 2411 362 2452 quot
388 2407 474 2443 ΒΤι
539 2411 573 2442 et
598 2408 692 2450 uen.]
726 2407 786 2451 qui
821 2417 902 2441 uen.
930 2407 1009 2440 ΕΚ
1073 2405 1116 2440 14
1141 2406 1186 2449 et]
1216 2416 1270 2440 om
1300 2405 1332 2440 T
1392 2404 1479 2438 illud
1509 2405 1555 2438 K³

146 2463 189 2496 16
215 2462 402 2496 dicendem
427 2460 482 2495 K¹
533 2461 574 2495 17
600 2461 712 2495 secuti
737 2461 816 2495 ΕΚ
866 2460 907 2494 18
932 2459 1030 2502 illud]
1058 2469 1113 2493 om
1138 2460 1178 2493 K
1234 2457 1330 2501 eum]
1354 2457 1456 2492 illum
1481 2457 1561 2491 ΕΚ

146 2517 190 2550 19
215 2526 298 2549 eum
327 2515 370 2550 Τ8
428 2515 472 2548 9⁶2
498 2514 645 2557 lacrim.]
673 2513 872 2556 gemituum
889 2513 967 2547 EK
1014 2513 1059 2546 ⁶23
1085 2512 1153 2546 Sed
1178 2522 1253 2554 rog.
1271 2522 1332 2545 eos
1349 2511 1427 2545 ΕΚ
1474 2521 1556 2544 eum

145 2569 225 2604 ΕΚ
280 2568 326 2602 ⁶24
350 2567 521 2602 Affricam
549 2567 658 2601 EBT
714 2567 759 2600 95
785 2566 831 2609 et]
857 2577 909 2600 om
936 2565 1014 2601 EK
1069 2565 1265 2599 narrabant
1298 2565 1378 2599 ΕΚ
1423 2566 1456 2597 et
1482 2573 1557 2607 per-

144 2621 333 2655 seuerabat
364 2621 444 2655 ΕΚ
505 2621 546 2654 31
584 2620 752 2664 Ethiopes
789 2620 897 2654 EBT
957 2630 1032 2662 asp.
1059 2618 1122 2653 sol.
1151 2619 1192 2652 Κ
