1834 2967
840 173 1098 210 ,ρῦ-

267 299 414 335 Christi
433 299 499 347 qui
526 303 579 335 est
608 310 711 334 meus
730 295 994 346 antiphonitis,
1024 300 1060 333 et
1088 308 1206 345 prope
1235 299 1401 333 stantem
1429 293 1678 333 Abramium*

263 356 463 394 hebreum.
520 356 564 393 Et
603 355 680 393 uidi
709 356 890 401 loculum,
930 368 1043 404 quern
1074 354 1183 404 posui
1220 354 1260 391 in
1298 354 1408 400 mari⁷
1447 355 1678 403 pendentem

263 415 311 453 in
349 421 474 454 ae're.
532 415 629 453 Cum
658 420 787 453 autern
817 413 1085 463 cognouissem
1122 426 1224 459 eum,
1264 412 1455 462 obstupui.
1512 413 1558 451 Et
1587 413 1680 450 dum

263 479 405 512 starem
425 474 725 523 obstupefactus,
755 473 883 512 audiui
904 485 1039 511 uocem
1068 472 1116 510 ab
1137 472 1219 521 ipsa
1247 471 1442 521 irzmagine
1471 471 1678 510 dicentem:

265 532 417 583 Recipe,
445 532 620 579 Abrami,
649 533 799 571 meamff
829 531 1092 582 sponsionem.
1150 531 1195 569 Et
1232 531 1444 569 extendens
1472 530 1680 569 Abramius

263 592 534 630 indumentum
566 604 641 641 quo
670 593 772 630 erat*
796 591 966 637 indutus,
997 591 1138 640 recepit
1165 591 1346 628 loculum.
1384 590 1458 628 *Et
1487 589 1680 635 statim,

264 656 314 689 ut
355 664 463 689 eum
501 650 715 700 recepit,
756 663 847 700 ,ego
889 649 1144 688 excitatus
1188 662 1293 687 sum
1339 662 1443 687 cum
1484 651 1681 698 magno*

263 723 464 760 pauore.
521 710 567 748 Et
597 710 833 748 confidenter
863 709 946 747 dico
976 708 1055 755 tibi,
1086 709 1387 758 protonauclere,
1419 708 1506 757 quia
1533 707 1681 746 loculus

122 776 250 811 K118v
264 774 321 808 est
349 770 461 808 datus
500 782 588 807 cum
617 781 711 806 auro
738 767 752 818 ΙΙ
781 767 988 806 Abramio*
1024 767 1180 806 hebreo.
1238 767 1284 805 Et
1321 772 1414 805 tunc
1450 767 1539 805 fuit*
1577 768 1682 805 certi-

189 832 236 870 10
266 828 398 867 ficatus
428 828 655 867 Theodorus
684 827 773 876 quia
802 826 1007 876 recepisset
1036 839 1173 864 aurum
1203 826 1423 864 Abramius.

372 887 554 926 Similiter
582 892 710 925 autern
739 891 775 924 et
795 885 1004 924 Abramius
1034 885 1128 924 uidit
1157 885 1352 924 somnium
1381 886 1420 923 in
1446 885 1529 936 ipsa
1557 890 1680 924 noete.

265 947 310 985 Et
346 959 507 997 surgens
545 959 661 984 mane
698 945 851 984 uocauit
889 945 1195 995 dispensatorem
1233 946 1371 983 domus
1410 958 1478 983 sue
1513 944 1682 994 dixitque

265 1005 316 1045 ei:
361 1005 565 1044 Somnium
595 1004 672 1043 uidi
700 1007 743 1043 in
771 1005 845 1043 hac
874 1009 986 1043 nocte
1024 1004 1182 1054 plenum
1211 1004 1408 1043 miraculo.
1463 1003 1563 1043 Nam
1605 1003 1683 1041 uidi

264 1078 326 1103 me
355 1068 479 1114 ipsum
509 1069 675 1103 stantem
714 1068 804 1102 ante
838 1062 1076 1113 inmaginem
1117 1068 1281 1112 quatuor
1321 1063 1617 1113 columpnarum
1646 1067 1682 1100 et

157 1133 180 1165 S
195 1133 238 1166 6⁶2
265 1123 342 1162 uidi
362 1122 377 1174 ΙΙ
398 1123 651 1162 christianum
671 1122 792 1169 illum,
821 1122 881 1161 cui
902 1122 987 1161 dedi
1008 1122 1133 1171 ipsum
1154 1135 1305 1168 aurum⁷
1336 1122 1525 1160 dicentem
1546 1121 1681 1160 michi:

264 1183 417 1233 Recipe,
447 1182 602 1221 domine
630 1181 804 1228 Abrami,
840 1182 916 1220 hoc
945 1194 1095 1220 aurum.
1152 1181 1199 1219 Et
1227 1180 1355 1219 uisum
1385 1185 1442 1219 est
1469 1180 1586 1219 michi
1614 1193 1682 1218 me

264 1243 452 1293 recepisse
471 1242 520 1281 ab
541 1255 598 1280 eo.
642 1241 734 1280 Dico
755 1241 858 1279 enim
879 1240 946 1279 tibi
977 1240 1064 1290 quia
1084 1239 1295 1278 certissime
1323 1240 1437 1278 hodie
1457 1241 1681 1289 completur.

265 1302 352 1340 Sed
382 1307 510 1340 tamen
546 1301 647 1347 ueni,
684 1313 817 1338 eamus
855 1312 977 1349 usque
1005 1300 1053 1338 ad
1089 1299 1179 1337 litus
1215 1304 1251 1338 et
1285 1299 1486 1338 uideamus
1522 1299 1555 1338 si
1588 1300 1683 1338 sorte

264 1361 445 1411 applicuit
473 1360 585 1399 nauis
614 1374 637 1398 a
664 1359 934 1409 qualicumque
963 1364 1081 1409 parte.

185 1423 237 1461 20
371 1420 418 1458 Et
446 1424 647 1470 surgentes
677 1420 959 1457 descenderunt
987 1418 1128 1469 pariter
1157 1431 1279 1468 usque
1299 1419 1345 1456 ad
1375 1430 1481 1456 mare
1502 1422 1538 1455 et
1567 1417 1683 1467 respi-

265 1479 408 1518 cientes
437 1481 601 1517 nauem*
635 1478 780 1516 nullam
819 1480 1030 1516 ‘uenientem
1068 1476 1199 1515 uidere
1237 1481 1455 1527 potuerunt.
1511 1475 1684 1514 Accessit

264 1544 394 1577 autem
422 1537 632 1577 Abramius
660 1538 709 1576 ad
738 1550 857 1587 aquas
887 1536 1017 1583 maris,
1047 1541 1089 1575 ut
1117 1536 1288 1574 ablueret
1324 1536 1440 1585 pedes
1478 1548 1581 1574 suos.
1638 1535 1684 1573 Et

266 1611 351 1636 ecce
389 1597 483 1636 uidit
522 1610 637 1647 super
674 1597 799 1635 undas
837 1601 971 1634 contra
1006 1609 1047 1634 se
1084 1600 1225 1634 tetrum
1264 1595 1354 1645 quid
1391 1600 1428 1633 et
1462 1594 1683 1632 obscurum.

135 1667 237 1701 13:137
266 1656 426 1695 Vocauit
453 1662 582 1695 autem
602 1657 650 1695 ad
671 1668 711 1694 se
740 1655 1045 1705 dispensatorem
1066 1668 1180 1693 suum
1207 1660 1243 1693 et
1271 1654 1437 1693 ostendit
1456 1653 1508 1692 illi
1529 1655 1630 1703 quod
1651 1653 1664 1704 ΙΙ

186 1721 236 1759 25
266 1716 346 1766 ipse
383 1716 549 1755 uidebat.
606 1715 726 1754 Vndis
766 1727 858 1753 uero
896 1714 1172 1753 famulantibus
1207 1713 1313 1752 uenit
1350 1713 1441 1751 illud
1480 1713 1581 1762 quod
1621 1727 1683 1763 ap-

263 1780 440 1825 paruerat
480 1788 604 1824 usque
647 1775 693 1813 ad
735 1774 862 1813 locum
906 1773 971 1812 ubi
1014 1776 1090 1825 ipse?
1129 1773 1293 1812 stabant.
1351 1772 1522 1810 Accessit
1558 1772 1684 1821 itaque

263 1835 516 1884 dispensator,
548 1833 800 1884 apprehendit
828 1833 920 1871 illud
941 1834 1042 1882 quod
1063 1832 1240 1871 uiderant
1260 1837 1295 1870 et
1320 1831 1433 1870 traxit
1453 1832 1499 1869 ad
1529 1836 1683 1869 terram.

264 1894 310 1931 Et
339 1899 379 1932 ut
409 1893 589 1943 cognouit
618 1893 706 1942 quia
733 1892 882 1931 loculus
912 1897 1012 1930 esset
1041 1897 1077 1930 et
1105 1896 1294 1941 grauaret‚
1330 1890 1381 1929 ait
1410 1890 1566 1928 domino
1595 1903 1683 1928 suo:

267 1953 412 1999 Gaude,
434 1951 590 1991 domine
609 1952 676 1991 mi.
718 1952 868 1990 Bonum
894 1956 951 1990 est
971 1951 1166 1989 somnium
1189 1951 1289 2000 quod
1310 1949 1455 1995 uidisti;
1479 1962 1565 1987 ecce
1586 1949 1686 1987 istud

187 2017 239 2054 30
269 2018 337 2050 est.
394 2012 440 2050 Et
476 2012 633 2062 gauisus
672 2017 729 2050 cst
757 2010 965 2049 Abramius
1003 2009 1140 2060 gaudio
1182 2022 1335 2059 magno.
1392 2009 1439 2047 Et
1473 2008 1567 2047 dixit
1605 2022 1684 2058 pre-

266 2071 390 2121 posito
409 2084 497 2110 suo:
519 2071 636 2110 Cuius
658 2070 910 2120 negociatoris
930 2069 1003 2108 hoc
1024 2082 1187 2108 aurum
1209 2069 1302 2107 fuit?
1344 2067 1534 2115 Quisnam
1553 2067 1684 2106 miser-

266 2130 386 2168 rimus
416 2129 664 2179 periclitauit‘?
720 2130 786 2168 Est
816 2130 918 2168 enim
948 2129 1108 2175 loculus⁷
1139 2133 1178 2166 ut
1207 2127 1330 2171 uideo,
1368 2127 1552 2177 signatus.
1610 2126 1685 2165 Sed

267 2188 355 2227 tolle
385 2189 610 2238 quantocius
640 2202 728 2228 eum
759 2194 796 2227 et
824 2201 957 2227 eamus
988 2188 1024 2226 in
1056 2189 1214 2226 domum
1244 2192 1279 2225 ct
1308 2187 1521 2237 aperientes
1550 2199 1686 2236 agnos-

267 2260 401 2286 camus
431 2248 520 2296 quid
551 2248 597 2286 sit
627 2248 664 2286 in
696 2262 751 2287 eo.

212 537 236 573 οι

190 2371 240 2409 35
377 2365 582 2404 Venientes
612 2372 738 2404 autem
769 2366 814 2404 in
843 2367 1013 2412 domum,
1045 2364 1173 2404 statim
1201 2364 1414 2414 aperientes
1453 2363 1685 2402 inuenerunt

376 2461 396 2494 2
429 2471 528 2494 mare
554 2461 604 2501 E;
647 2461 748 2502 mari]
780 2462 818 2500 -l-
847 2460 950 2504 posui
976 2461 1017 2494 K
1081 2460 1099 2493 7
1127 2459 1219 2501 sum]
1250 2461 1288 2499 -l-
1319 2469 1383 2501 ego
1410 2459 1486 2492 ΕΚ
1549 2458 1570 2491 8
1604 2467 1685 2490 nau-

270 2514 361 2548 clere
388 2515 415 2547 S
474 2513 546 2547 dat.
565 2516 618 2547 est
644 2514 709 2547 loc.
738 2515 810 2547 ΕΚ
877 2514 916 2546 12
951 2523 1170 2556 consurgens
1195 2513 1222 2546 S
1286 2513 1324 2545 17
1353 2510 1589 2554 complebitur
1614 2510 1686 2543 ΕΚ

274 2569 316 2601 18
344 2567 478 2609 tamen]
506 2569 646 2600 tantum
674 2567 746 2600 ΕΚ
795 2568 840 2599 23
867 2577 975 2610 supra
999 2567 1070 2600 ΕΚ
1119 2566 1164 2599 ΞΖϋ
1191 2568 1309 2599 autem
1330 2566 1367 2598 Κ
1416 2565 1458 2598 27
1487 2563 1681 2607 apprehen-

270 2621 391 2663 ditque
419 2621 456 2654 Ε
514 2622 558 2654 :29
585 2630 665 2653 ecce
692 2632 746 2653 om
774 2622 800 2651 S
859 2621 899 2652 31
937 2623 984 2653 est
1020 2620 1086 2652 hoc
1118 2622 1183 2660 (om
1210 2618 1287 2659 fuit)
1314 2619 1353 2652 K
1412 2618 1456 2651 33
1483 2616 1685 2660 aperiamus

272 2674 436 2707 uidentes
464 2674 500 2706 K
551 2672 596 2705 :34
623 2672 682 2706 illo
709 2673 745 2705 Κ
