1834 2967
832 115 1093 153 —40—

259 256 302 298 3.
346 256 415 299 Dc
455 256 650 309 quodam
697 257 963 310 philentulo
1007 256 1088 309 qui
1125 268 1309 298 omnem
1347 255 1668 298 substantiam

259 339 391 370 suam
423 328 641 381 erogauit
672 327 974 383 pauperibus,
1004 339 1088 370 nec
1119 327 1277 369 tamen
1308 339 1335 368 a
1357 326 1672 370 fornicatione

854 399 1068 442 cessaVIt.

258 479 324 567 In
374 481 506 520 diebus
551 479 780 519 sanctissimi
822 480 1024 519 Archadii*
1073 479 1347 530 archiepiscopi
1394 479 1462 518 fuit
1512 479 1668 529 quidam

133 547 161 581 Κ
175 547 241 581 123
336 540 527 578 filentulus
556 539 595 578 in
616 539 842 578 Constantia
861 537 876 590 ΙΙ
897 552 970 589 que
990 539 1125 578 dicitur
1153 540 1199 577 de
1219 538 1382 589 Olimpo.
1421 538 1494 577 Hic
1514 538 1668 588 quidem

258 600 419 637 multam
447 598 650 649 pecuniam
679 597 717 636 in
749 611 947 648 pauperes,
977 599 1173 648 orphanos
1202 603 1238 637 et
1265 597 1402 636 uiduas
1432 602 1468 636 et
1508 597 1548 636 in
1578 597 1672 636 alias

140 665 227 699 T53
260 658 489 697 elemosinas
518 656 697 708 expendit
735 669 888 695 necnon
926 662 962 696 et
998 657 1240 695 infirmorum
1278 657 1414 695 domos
1435 654 1449 707 ΙΙ
1470 655 1672 695 edificauit.

259 717 316 765 Et,
346 722 388 756 ut
415 717 546 756 omnia
565 716 758 755 dicamus*
779 715 1012 766 simpliciter,
1041 729 1199 755 omnem
1219 715 1475 755 substantiam
1504 729 1551 754 ex
1571 720 1673 754 terra

259 782 294 814 et
331 776 440 824 mari,
470 789 517 814 ex
551 774 730 825 negociis,
773 787 819 813 ex
860 775 999 825 prediis
1037 781 1074 814 et
1116 788 1162 814 ex
1201 775 1366 814 nauibus
1408 775 1448 813 in
1491 775 1670 825 operibus

183 838 231 874 10
259 835 408 886 pietatis
437 840 474 874 et
502 833 721 873 elemosinis
757 834 1009 884 expendebat.
1065 834 1121 872 Ex
1159 847 1234 884 qua
1271 834 1491 884 operatione
1529 833 1673 872 inimici

259 894 427 933 habebat
473 893 694 944 passionem
734 893 1008 932 fornicationis·
1076 893 1258 932 Peruenit
1299 899 1429 932 autem
1466 907 1588 943 usque
1626 894 1674 932 ad

261 966 454 992 summam
498 957 735 991 senectutem
777 958 814 991 et
856 958 1031 991 mortuus
1073 957 1150 1000 est3
1202 958 1238 991 et
1278 966 1404 1002 neque
1446 953 1674 991 elemosinas

157 1020 235 1053 565
261 1012 468 1061 dereliquid
498 1024 623 1060 neque
652 1025 673 1050 a
701 1010 952 1050 fornicatione
981 1011 1136 1061 quieuit.
1158 1011 1172 1062 ΙΙ

366 1071 486 1109 Multa
515 1070 667 1120 quidem
696 1070 950 1119 inquisicione
984 1071 1030 1109 de
1063 1070 1138 1109 hoc
1174 1070 1223 1109 ab
1259 1069 1446 1120 episcopis
1485 1076 1522 1109 et
1557 1070 1675 1109 archi-

185 1133 231 1170 15
261 1130 438 1181 episcopo
466 1130 576 1177 facta,
605 1129 644 1167 in
662 1129 821 1168 dubium
851 1135 1011 1168 uenerat
1030 1134 1160 1168 utrum
1190 1130 1321 1168 saluus
1350 1135 1450 1168 esset
1478 1130 1596 1168 homo
1616 1130 1677 1169 ille

261 1203 307 1227 an
325 1202 418 1228 non.
451 1188 618 1235 Quidam
638 1194 764 1227 autem
783 1189 962 1227 dicebant
982 1188 1165 1238 quoniam
1185 1189 1316 1227 saluus
1336 1193 1447 1227 esset.
1480 1188 1673 1238 Scriptum

137 1255 242 1289 13831Ὗ
260 1254 317 1287 est
343 1247 458 1294 enim,
488 1247 672 1297 quoniam
701 1247 910 1286 elemosina
939 1248 1059 1298 operit
1086 1247 1395 1286 multititudinem
1419 1253 1675 1298 peccatorum.

260 1307 306 1345 Et
334 1308 493 1345 iterum:
525 1306 630 1346 Sicut
659 1320 759 1356 aqua
787 1307 973 1357 extinguit
1000 1306 1142 1357 ignem,
1171 1307 1224 1346 ita
1252 1307 1461 1346 elemosina
1489 1307 1675 1357 extinguit

260 1372 471 1417 peccatum.
526 1366 621 1404 Item
660 1379 680 1404 e
709 1365 899 1405 contrario
937 1365 1116 1405 dicebant
1154 1366 1228 1413 alii,
1268 1366 1451 1416 quoniam
1489 1366 1675 1417 scriptum

182 1428 234 1465 20
261 1425 386 1464 estin
423 1425 622 1476 prophetia
650 1425 869 1471 Ezechielis,
909 1424 997 1475 quia
1034 1426 1099 1464 ubi
1138 1431 1174 1464 te
1201 1426 1412 1472 inueniam,
1450 1425 1490 1464 in
1528 1426 1602 1465 hoc
1639 1431 1676 1464 te

260 1484 448 1523 iudicabo.
505 1484 709 1532 Quomodo
739 1484 876 1534 poterit
904 1485 1044 1524 saluari
1073 1484 1137 1535 qui
1166 1498 1287 1535 usque
1316 1486 1363 1523 ad
1401 1490 1565 1524 mortem
1596 1498 1675 1524 non

261 1543 371 1582 desiit
398 1557 421 1582 a
448 1547 630 1594 peccato?
685 1544 804 1582 Multa
832 1544 987 1593 quidem
1016 1550 1107 1583 sunt
1135 1544 1234 1583 dicta
1263 1549 1299 1583 et
1327 1544 1447 1583 multa
1480 1544 1675 1594 inquisitio

261 1608 416 1654 propter
443 1603 518 1641 hoc
545 1603 643 1642 facta
670 1609 738 1642 est.
796 1604 885 1641 Erat
913 1603 1016 1642 enim
1044 1617 1106 1642 res
1134 1603 1174 1642 in
1204 1603 1331 1642 dubio.

368 1661 690 1712 Archiepiscopus
710 1668 850 1709 autem,
882 1675 969 1701 cum
990 1668 1090 1701 esset
1110 1663 1215 1701 omni
1237 1662 1406 1702 bonitate
1421 1669 1457 1701 et
1477 1663 1677 1702 sanctitate

179 1722 228 1760 ⁶25
259 1723 471 1769 decoratus,
502 1721 713 1772 predicauit
741 1721 940 1768 ieiunium,
975 1721 1135 1760 letanias
1165 1727 1201 1760 et
1229 1722 1422 1760 orationes
1453 1722 1531 1761 fieri
1567 1736 1676 1761 man-

259 1782 355 1819 dans
385 1794 452 1831 per
481 1780 611 1819 omnia
631 1781 865 1819 monasteria
894 1786 930 1819 et
959 1782 1006 1820 ad
1036 1793 1101 1819 eos
1123 1780 1185 1830 qui
1214 1781 1253 1819 in
1283 1781 1499 1831 columpnis
1521 1782 1677 1820 stabant

259 1840 388 1889 etqui
424 1839 561 1878 inclusi
599 1845 721 1886 erant,
760 1845 802 1878 ut
840 1853 975 1878 omnes
1013 1839 1245 1879 unanimiter
1285 1841 1408 1879 Deum
1447 1847 1601 1879 orarent
1641 1846 1677 1879 et

260 1901 568 1950 deprecarentur,
597 1904 638 1937 ut
666 1898 746 1949 ipse
766 1912 833 1949 per
862 1912 972 1938 suam
992 1898 1236 1938 clementiam
1257 1900 1427 1938 reuelare
1443 1899 1676 1950 dignaretur,

259 1958 298 1996 in
330 1958 467 2007 quibus
495 1958 588 1997 locis
618 1959 821 2008 deputatus
849 1964 950 1997 esset
980 1958 1042 2008 qui
1071 1959 1273 1997 defunctus
1304 1960 1436 1997 fuerat.

181 2021 232 2056 :30
366 2017 464 2056 Cum
494 2019 567 2056 1100
596 2031 662 2068 per
691 2017 844 2067 aliquod
864 2022 1016 2068 tempus
1046 2031 1133 2056 cum
1154 2018 1259 2056 omni
1289 2018 1540 2057 sollicitudine
1570 2031 1678 2069 pero-

137 2084 241 2117 13142
260 2082 421 2123 rassent,
444 2076 458 2127 Η
479 2077 664 2116 reuelauit
693 2077 795 2115 Deus
825 2077 966 2115 famulo
996 2090 1067 2116 suo
1095 2077 1222 2116 abbati
1240 2077 1373 2116 Caimo
1400 2077 1561 2124 incluso,
1593 2077 1677 2116 uiro

137 2142 242 2176 T53v
262 2135 442 2174 omnibus
463 2135 477 2186 ΙΙ
498 2136 704 2175 uirtutibus
742 2137 885 2186 repleto
928 2136 992 2186 qui
1035 2150 1101 2186 per
1136 2137 1277 2175 multos
1315 2149 1440 2175 annos
1479 2137 1600 2175 fuerat
1637 2136 1675 2175 in

261 2200 393 2233 monte
419 2195 537 2233 sancti
559 2195 717 2234 Antonii
747 2201 784 2234 et
812 2196 912 2234 ultra
940 2196 1074 2234 clisma
1093 2196 1211 2234 maris
1232 2196 1349 2234 rubri.
1406 2196 1452 2235 Et
1481 2197 1676 2235 aduocans

262 2255 416 2292 beatum
446 2254 682 2293 Archadium
712 2254 1041 2305 archiepiscopum
1072 2268 1158 2293 011111
1187 2256 1374 2306 episcopis
1404 2255 1481 2294 suis
1506 2255 1676 2294 narrauit

182 2315 231 2352 :35
262 2314 412 2352 dicens:
443 2314 562 2353 Nocte
591 2315 662 2352 hac
691 2315 812 2353 sactus
841 2327 927 2352 sum
958 2314 996 2352 in
1027 2314 1144 2353 extasi
1175 2321 1210 2353 et
1240 2315 1316 2353 uidi
1346 2329 1367 2353 a
1397 2315 1531 2353 dextro
1560 2315 1676 2353 latere

372 2457 383 2489 1
408 2467 508 2489 suain
529 2455 639 2490 subst.
655 2457 694 2489 Κ
742 2457 763 2488 Γ»
782 2456 1000 2499 pliilentulus
1019 2458 1093 2491 ΕΚ
1142 2458 1184 2491 10
1203 2457 1422 2501 operatione]
1442 2459 1480 2498 -1-
1501 2456 1584 2492 inde
1603 2457 1677 2491 ΕΚ

267 2509 307 2542 13
335 2509 519 2552 ‹lei-eliquit
548 2510 622 2543 ΕΚ
684 2510 720 2543 17
749 2510 831 2552 quia
859 2511 899 2543 K
954 2511 999 2544 QO
1026 2510 1223 2555 prophetia]
1251 2515 1286 2552 -1-
1320 2511 1491 2554 scriptum
1526 2514 1577 2544 est
1605 2511 1677 2544 ΕΚ

264 2562 410 2596 inuenio
436 2563 474 2596 Κ
529 2563 572 2596 22
600 2562 787 2605 exquisitio
814 2564 885 2596 ΕΚ
944 2564 987 2597 27
1015 2563 1088 2608 qui]
1113 2575 1165 2597 om
1194 2566 1306 2598 EKT
1359 2566 1404 2595 20
1430 2564 1468 2597 Et
1497 2575 1578 2597 011111
1606 2565 1680 2597 ΕΚ

266 2617 416 2659 tempus]
451 2616 523 2650 dics
552 2617 625 2649 ΕΚ
690 2616 928 2659 perorassent]
963 2617 1189 2660 requisissent
1220 2619 1291 2651 ΕΚ
1356 2619 1394 2651 31
1440 2617 1563 2651 Cauno
1604 2618 1674 2650 ΕΚ
