1834 2967
841 127 1105 164 -86-

270 251 412 289 factum
441 256 498 289 est
526 256 567 289 ut
594 250 702 301 lapis.
759 251 804 288 Et
833 251 980 288 dicebat
999 249 1115 288 michi
1136 263 1223 288 cum
1252 250 1565 288 comminatione:
1600 251 1682 288 Cur

271 323 350 348 non
379 310 487 348 uadis
516 315 552 348 et
580 310 708 360 exples
731 311 831 359 quod
858 309 993 347 leuasti
1022 322 1136 359 super
1165 313 1224 348 te?
1264 309 1310 347 Et
1338 311 1505 359 precepit
1530 309 1681 348 duobus

128 375 258 409 E166v
271 382 318 407 ex
356 369 571 407 astantibus
609 368 680 407 sibi
711 374 752 406 ut
790 369 1052 418 appenderent
1071 367 1086 418 Η
1108 381 1169 406 me
1196 368 1236 406 in
1274 369 1422 416 eculeo3
1460 373 1497 407 et
1534 369 1682 407 dicebat

270 427 403 467 michi:
435 428 560 478 Supra
588 428 770 466 uirtutem
790 432 896 465 tuam
925 440 975 465 ne
995 426 1136 476 aliquid
1157 441 1358 477 presumas
1389 440 1513 477 neque
1541 427 1680 466 media-

217 490 241 527 5
270 492 392 525 torem
420 492 456 525 te
484 487 610 537 ipsum
631 500 802 537 opponas
823 491 859 525 et
878 486 958 524 Deo
986 486 1162 525 resistere
1191 486 1280 525 noli.
1325 487 1370 525 Et
1399 500 1479 525 non
1506 486 1681 525 ualebam

269 545 416 596 aperire
445 559 487 584 os
515 559 647 584 meum
674 558 799 595 neque
827 545 978 584 mutire.

376 605 421 644 Et
451 618 537 643 cum
567 607 714 643 essem*
734 617 940 654 appensus,
970 618 1047 642 ecce
1066 617 1143 642 uox
1162 605 1261 643 facta
1290 609 1364 643 est:
1395 605 1570 654 Augusta
1599 618 1683 655 pro·

271 664 378 703 cedit.
435 665 481 702 Et
510 664 646 702 uidens
676 677 760 702 eam
790 662 915 713 recepi
944 663 1122 701 fiduciam
1149 669 1185 702 et
1214 663 1298 702 dico
1329 663 1381 702 illi
1410 664 1539 713 gracili
1567 677 1682 703 uoce:

270 723 451 762 Miserere
480 723 567 769 mei,
609 722 740 773 regina
768 722 915 761 mundi.
971 722 1018 760 Et
1046 722 1098 761 ait
1125 722 1260 761 michi:
1301 722 1399 770 Quid
1428 722 1567 761 iterum
1596 723 1683 762 uis?

195 785 243 822 lo
271 782 317 820 Et
346 796 435 832 ego:
466 783 626 832 Propter
655 780 934 820 fideiussoriam
962 781 1109 832 Eulogii
1129 795 1197 832 ego
1227 783 1387 832 pendeo.
1431 782 1477 820 Et
1505 783 1573 820 ait:
1606 782 1684 832 Ego

270 855 339 892 pro
369 847 405 880 te
431 842 585 891 rogabo.
642 841 688 879 Et
717 841 795 879 uidi
829 841 917 890 quia
945 840 1037 879 abiit
1073 846 1109 880 et
1138 842 1308 880 osculata
1345 847 1401 880 est
1431 842 1546 891 pedes
1583 842 1684 880 illius

270 901 438 940 infantis.
495 901 540 939 Et
568 900 619 939 ait
647 899 742 938 mihi
780 900 907 938 infans
942 913 1021 938 non
1059 900 1136 939 iam
1175 913 1263 939 cum
1297 900 1579 950 indignacione,
1617 902 1684 940 sed

272 959 433 1010 placide:
462 960 550 998 Non
578 959 679 998 ultra
706 959 820 997 facies
838 959 941 997 hanc
970 963 1076 998 rem?
1117 959 1163 997 Et
1192 959 1293 998 dico:
1323 959 1424 1006 Non,
1454 960 1683 1000 dominator.

164 1027 239 1061 881
272 1019 351 1069 Ego
374 1018 505 1069 rogaui
527 1023 568 1057 ut
588 1017 724 1056 melior
744 1018 968 1064 efficeretur,
985 1019 1052 1056 sed
1071 1018 1243 1068 peccaui;
1265 1016 1280 1068 ΙΙ
1300 1018 1455 1068 indulge
1475 1018 1604 1058 michi.
1640 1020 1686 1058 Et

196 1082 244 1120 15
273 1078 439 1129 precepit
467 1083 503 1116 et
523 1078 773 1116 absoluerunt
792 1091 866 1116 me.
923 1077 970 1115 Et
989 1077 1040 1116 ait
1059 1077 1193 1116 michi:
1224 1078 1329 1116 Vade
1348 1079 1396 1116 ad
1425 1078 1559 1117 cellam
1578 1084 1684 1117 tuam

272 1143 308 1176 et
337 1138 531 1187 quomodo
560 1150 629 1186 ego
658 1138 847 1175 adducam
867 1136 1069 1187 Eulogium
1098 1138 1146 1175 ad
1174 1136 1349 1175 ordinem
1379 1149 1505 1184 suum,
1535 1143 1576 1176 tu
1609 1138 1686 1176 noli

272 1197 448 1246 cogitare.
506 1196 698 1235 Continuo
727 1196 913 1235 excitatus
942 1196 1098 1246 gauisus
1119 1209 1205 1234 sum
1234 1195 1371 1245 gaudio
1400 1209 1542 1246 magno
1562 1197 1685 1244 ualde,

273 1255 452 1294 dimissus
482 1269 504 1294 a
533 1256 596 1294 tali
625 1255 862 1303 condicione,
891 1260 928 1294 et
955 1255 1159 1306 procidens
1189 1254 1270 1305 egi*
1299 1255 1438 1305 gratias
1467 1255 1559 1294 Deo.

377 1316 469 1354 Post
497 1321 574 1354 tres
603 1328 696 1354 uero
730 1328 885 1354 menses
922 1314 1036 1353 audio
1065 1314 1155 1364 quia
1190 1315 1392 1353 defunctus
1431 1320 1487 1353 est
1515 1315 1686 1354 Iustinus

193 1377 244 1415 20
272 1375 480 1425 imperator
509 1380 545 1413 et
579 1374 754 1424 regnauit
783 1373 1032 1412 Iustinianus.
1090 1374 1136 1412 Et
1174 1375 1403 1424 deposuerat
1431 1374 1620 1425 Ypacium
1650 1381 1686 1414 et

272 1433 538 1473 Deciocratum
566 1439 602 1472 et
629 1447 763 1472 meum
791 1433 996 1483 Eulogium
1025 1433 1090 1483 qui
1125 1434 1248 1472 fuerat
1276 1434 1477 1484 prefectus.
1534 1434 1686 1473 Etenim

272 1493 325 1532 illi
354 1494 428 1532 duo
457 1493 646 1532 interfecti
675 1498 822 1532 suntet
852 1492 978 1531 omnis
1006 1492 1184 1531 illorum*
1213 1492 1438 1532 substancia
1458 1492 1605 1544 direpta
1631 1499 1688 1532 est

272 1553 387 1591 simul
416 1566 506 1591 cum
534 1552 757 1591 substancia
785 1551 946 1602 Eulogii.
1003 1551 1115 1602 Fugit
1144 1557 1274 1590 autem
1309 1557 1420 1590 nocte
1449 1552 1632 1602 Eulogius
1665 1567 1688 1592 a

273 1611 607 1662 Constantinopoli
627 1617 663 1650 et
682 1611 793 1650 iussit
813 1611 1021 1661 imperator
1040 1617 1084 1649 ut
1096 1610 1332 1660 ubicumque
1347 1611 1532 1650 inuentus
1554 1611 1689 1650 fuisset

194 1673 244 1710 25
274 1677 500 1710 moreretur.
559 1670 623 1710 Sic
651 1684 745 1709 uero
775 1670 924 1721 fugiens
953 1669 1061 1709 uenit
1089 1669 1130 1708 in
1158 1669 1292 1708 uillam
1319 1671 1422 1709 unde
1451 1671 1585 1710 fuerat.
1642 1671 1688 1710 Et

273 1736 429 1769 mutans
458 1729 691 1769 uestimenta
711 1743 781 1768 sua
802 1743 876 1779 que
905 1735 986 1768 erat
1013 1728 1172 1768 indutus
1192 1728 1318 1768 induit
1339 1743 1379 1768 se
1409 1729 1617 1777 rusticana,
1647 1736 1689 1769 ut

274 1789 380 1840 prius
409 1790 543 1829 fuerat.
601 1788 830 1839 Congregati
869 1794 960 1827 sunt
995 1793 1125 1827 autem
1153 1802 1288 1826 omnes
1326 1788 1562 1828 habitatores
1599 1789 1690 1828 uille

274 1848 375 1888 illius
404 1854 447 1887 ut
474 1848 651 1888 uiderent
680 1848 789 1887 illum
817 1853 854 1887 et
882 1847 1014 1886 dicunt
1043 1847 1094 1886 ei:
1124 1847 1359 1886 Audiuimus
1390 1847 1479 1897 quia
1507 1848 1690 1898 patricius

275 1922 377 1947 esses
406 1909 540 1948 factus.
582 1907 658 1956 Qui
679 1907 748 1947 ait:
779 1907 906 1946 Etiam
925 1906 1119 1958 patricius.
1163 1907 1241 1957 Ego
1262 1906 1294 1945 si
1314 1906 1497 1957 patricius
1518 1907 1690 1955 fuissem,

195 1972 247 2009 30
276 1967 389 2006 facies
405 1973 554 2006 uestras
567 1966 689 2006 habui
707 1967 860 2006 uidere*
880 1966 1111 2016 aliquando?
1151 1966 1257 2013 N011;
1280 1967 1347 2005 sed
1367 1966 1464 2005 alius
1485 1967 1690 2018 Eulogius*

134 2022 252 2090 ἓξὲξ,
277 2035 333 2066 est
362 2027 423 2065 ille
452 2040 499 2066 cx
526 2028 600 2066 hac
629 2026 840 2077 prouincia.
897 2027 977 2076 Ego
1006 2025 1111 2065 enim
1139 2025 1178 2064 in
1210 2025 1353 2065 sanctis
1374 2025 1388 2077 ΙΙ
1409 2026 1502 2065 locis
1531 2026 1597 2066 fui.

382 2087 428 2125 Et
455 2086 494 2125 in
531 2099 571 2125 se
606 2099 786 2125 reuersus
816 2085 867 2125 ait
905 2085 980 2124 sibi
1016 2085 1107 2136 ipsi:
1150 2085 1312 2136 Eulogii,
1356 2086 1443 2124 tolle
1481 2085 1692 2125 latonicum

277 2151 389 2185 tuum
417 2146 694 2185 ferramentum
732 2151 768 2184 et
797 2146 895 2184 uade
929 2146 1073 2184 labora.
1131 2144 1204 2183 Hic
1243 2144 1347 2183 enim
1385 2144 1577 2195 palacium
1613 2158 1690 2184 nou

277 2211 345 2251 est,
384 2218 432 2244 ne
461 2206 556 2244 forte
585 2211 620 2244 et
650 2210 763 2255 caput
801 2210 913 2243 tuum
953 2205 1102 2254 perdas.
1158 2204 1204 2242 Et
1242 2204 1378 2243 tollens
1414 2205 1692 2243 ferramentum

198 2267 248 2305 35
279 2278 394 2304 suum
423 2264 541 2304 exiuit
570 2270 605 2304 et
635 2267 771 2303 cursu*
801 2264 951 2303 concito
980 2263 1050 2302 iuit
1080 2265 1126 2302 ad
1168 2269 1316 2314 petram
1345 2263 1450 2302 illam
1479 2263 1547 2302 ubi
1581 2277 1692 2315 pecu-

388 2467 403 2500 1
438 2468 555 2501 11th
616 2467 638 2500 ὖ
676 2466 793 2510 ipsum
832 2467 884 2502 Κ8
950 2467 987 2500 11
1029 2465 1118 2500 uidit
1156 2467 1208 2500 KS
1273 2467 1315 2500 14
1352 2465 1454 2510 effic]
1493 2466 1591 2500 fieret
1617 2466 1693 2501 ΕΚ

282 2520 325 2554 18
351 2520 383 2563 a]
411 2531 492 2554 cum
511 2520 588 2555 ΕΚ
635 2520 681 2553 20
707 2519 760 2563 Et]
785 2519 846 2563 qui
864 2521 941 2555 ΕΚ
987 2519 1146 2563 ypatium
1173 2519 1226 2559 K;
1254 2519 1436 2563 hypatium
1464 2520 1503 2554 Ε
1548 2520 1589 2553 21
1613 2519 1693 2563 dyo-

280 2577 417 2607 cratum
445 2574 500 2612 K;
528 2573 634 2608 diocr.
655 2574 694 2608 Ε
751 2574 796 2607 24
822 2573 1044 2607 inueniretur
1069 2574 1109 2607 K
1165 2573 1209 2607 28
1235 2573 1278 2616 ei]
1306 2572 1355 2607 illi
1382 2573 1459 2607 ΕΚ
1514 2573 1558 2606 :29
1585 2573 1691 2616 esses]

282 2638 318 2660 es
345 2628 419 2661 ΕΚ
465 2638 530 2670 ego
557 2626 738 2670 patricius]
764 2638 815 2660 om
844 2628 883 2661 K
931 2628 975 2660 32
1005 2625 1129 2669 Eulogi
1156 2626 1234 2661 EA·
