1834 2967
120 592 247 626 K114v

185 881 234 918 10

143 1064 166 1097 S
176 1063 243 1097 59v

187 1177 234 1214 15

182 1767 232 1805 25

134 1891 238 1925 13133

183 2241 232 2277 30

842 171 1101 207 *10-

974 196 996 207 a

262 293 528 331 deuorandum
548 298 639 331 sunt
666 293 790 340 amici,
819 293 859 331 in
888 293 1115 331 necessitate
1144 298 1272 331 autem
1300 293 1414 343 longe
1450 306 1490 332 se
1518 293 1672 332 faciunt.

263 350 338 389 Sed
366 356 496 390 tamen
538 352 679 390 uadam
717 353 766 390 ad
803 364 869 391 eos
907 357 944 390 et
981 353 1232 402 deprecabor3
1270 351 1429 390 forsitan
1457 351 1676 390 inuenietur

261 409 398 459 aliquis
436 409 499 460 qui
538 415 575 449 te
613 410 792 450 certificet
829 410 869 449 in
906 411 981 449 hoc
1020 411 1120 461 quod
1162 410 1302 460 queris.
1358 410 1404 449 Et
1442 409 1473 449 si
1515 410 1675 449 audierit

262 471 346 519 quis
388 469 696 519 deprecationem
727 482 867 514 meam,
907 469 1109 508 ueniemus
1152 469 1264 507 simul
1302 469 1349 507 ad
1387 474 1435 508 te.
1493 469 1534 508 Si
1571 469 1675 508 enim

263 540 340 566 non
369 527 558 567 audierint
586 541 661 576 me,
697 529 864 567 uendam
894 541 1036 567 nauem
1067 541 1207 575 meam,
1238 533 1275 566 et
1303 527 1458 566 Domini
1495 529 1675 566 uoluntas

262 587 337 626 fiat.
381 587 445 626 Ait
471 588 518 626 ad
546 601 634 626 eum
653 587 878 626 Abramius:
909 588 1014 626 Vade
1044 588 1291 634 confidenter,
1322 587 1409 636 quia
1429 586 1444 637 ΙΙ
1464 587 1620 626 audient
1639 591 1676 625 te

261 647 543 696 deprecantem.

367 763 508 802 Exiens
528 768 657 802 autem
673 763 900 802 Theodorus
921 763 1012 802 abiit
1031 765 1080 802 ad
1099 763 1266 802 amicum
1287 777 1420 802 suum
1435 763 1542 802 illum
1563 763 1627 812 qui
1643 762 1676 801 ei

263 822 485 861 obuiauerat
513 822 631 872 prius,
671 827 708 860 et
743 823 916 861 narrauit
944 822 977 861 ei
1007 822 1138 862 omnia
1166 835 1239 872 que
1268 835 1384 873 supra
1411 823 1611 861 retulimus
1640 827 1677 860 et

262 882 454 930 quomodo
484 894 573 920 eum
602 880 821 920 abiecerant
849 894 985 920 omnes
1014 881 1125 920 amici
1145 881 1204 920 sui
1235 887 1271 920 et
1299 894 1449 931 queque
1477 881 1624 920 dixerat
1643 881 1677 919 ei

260 940 468 979 Abramius
506 946 544 979 et
581 940 669 990 quia
711 940 834 990 querit
871 940 1143 991 antiphonitin.
1200 940 1413 992 Respondit
1455 940 1488 979 ei
1530 939 1677 979 amicus

263 1012 355 1038 suus
385 1000 537 1038 dicens:
577 999 636 1037 Tu
666 999 752 1047 scis,
791 999 947 1038 domine
974 1000 1027 1038 mi
1057 1000 1272 1047 Theodore,
1312 1000 1400 1050 quia
1428 1013 1567 1038 aurum
1596 1012 1676 1037 non

261 1059 385 1097 habeo
415 1071 563 1108 neque
591 1058 784 1097 multum
807 1059 1146 1107 substanciam3
1177 1063 1214 1098 et
1233 1057 1248 1109 ΙΙ
1268 1064 1360 1109 puto
1388 1059 1477 1109 quia
1504 1071 1568 1097 me
1597 1071 1676 1097 non

261 1117 415 1168 recipiet
441 1118 610 1156 hebreus
637 1117 863 1166 Abramius3
893 1118 962 1157 scit
991 1117 1096 1157 enim
1115 1123 1381 1168 paupertatem
1409 1131 1550 1157 meam.
1601 1117 1677 1156 Sed

263 1182 392 1215 tamen
421 1176 604 1216 ueniam
635 1183 677 1215 et
706 1177 959 1216 coambulabo
989 1182 1117 1216 tecum
1146 1182 1183 1216 et
1211 1182 1435 1227 cooperator
1463 1177 1518 1215 tui
1546 1189 1611 1215 ero
1640 1181 1677 1214 et

262 1236 405 1286 rogabo
434 1249 502 1286 pro
532 1241 568 1275 te
597 1236 740 1275 amicos
770 1241 806 1275 et
834 1242 970 1284 notos3
1007 1237 1167 1275 forsitan
1197 1237 1267 1275 etsi
1296 1236 1398 1275 aliud
1427 1250 1520 1284 non,
1550 1235 1677 1274 saltim

262 1295 490 1334 mediatores
519 1295 573 1334 tui
601 1294 767 1334 existant
796 1301 838 1334 ut
866 1296 1001 1334 fratres
1031 1301 1067 1334 et
1095 1295 1218 1334 amici.
1424 1310 1429 1315 ·

368 1354 576 1393 Venientes
605 1359 734 1393 autem
763 1354 966 1404 utrique
995 1355 1043 1393 ad
1073 1356 1266 1404 quendam
1296 1354 1466 1402 diuitem,
1503 1354 1568 1404 qui
1597 1358 1677 1392 erat

261 1412 408 1452 amicus
429 1413 634 1461 Theodori,
664 1413 796 1452 dicunt
815 1413 866 1453 ei:
896 1414 1073 1462 Domine,
1104 1414 1343 1464 quesiuimus
1363 1428 1385 1453 a
1404 1420 1441 1452 te
1460 1427 1611 1460 aurum,
1641 1417 1678 1452 et

262 1486 341 1511 non
372 1472 485 1511 nobis
517 1472 671 1521 dedisti3
700 1473 762 1511 uel
790 1486 895 1512 nunc
928 1473 1053 1520 facito,
1083 1486 1343 1524 precamur,
1374 1472 1677 1512 misericordiam

262 1536 398 1571 tuam.
436 1533 532 1571 Ecce
553 1532 708 1583 quidam
723 1538 976 1583 compunctus
996 1534 1043 1572 ad
1060 1532 1240 1584 pietatem
1260 1533 1343 1572 uult
1358 1533 1474 1571 michi
1489 1536 1676 1583 prestare;

262 1591 385 1641 querit
414 1591 518 1630 enim
547 1606 570 1630 a
596 1605 659 1630 me
688 1592 960 1642 antiphonitin.
1004 1592 1114 1640 Veni,
1149 1606 1280 1642 queso,
1320 1598 1356 1631 et
1394 1592 1518 1643 recipe
1546 1605 1609 1630 me
1637 1591 1677 1630 in

261 1651 334 1690 fide
362 1656 440 1690 tua.
496 1651 560 1690 Ille
589 1657 717 1690 autem
755 1664 843 1690 cum
872 1652 1041 1690 audisset
1073 1652 1157 1699 hec,
1187 1665 1276 1690 cum
1305 1651 1599 1702 exprobratione
1627 1650 1679 1690 ait

260 1710 308 1748 ad
338 1723 444 1749 eum:
475 1710 624 1749 Recede
644 1724 666 1749 a
695 1723 769 1757 me,
799 1724 821 1749 o
841 1711 971 1758 homo,
1000 1712 1146 1750 recede.
1184 1710 1263 1761 Ego
1283 1710 1387 1750 enim
1406 1711 1455 1749 ad
1482 1709 1678 1748 infidelem

262 1775 298 1808 et
327 1775 435 1809 extra
462 1770 584 1819 legem
603 1770 792 1809 hebreum
822 1770 1042 1809 nullatenus
1062 1784 1230 1821 pergam.
1287 1770 1404 1817 Vade,
1435 1783 1457 1807 o
1476 1770 1608 1817 homo,
1637 1769 1676 1807 in

262 1829 365 1867 uiam
394 1835 512 1868 tuam.
558 1829 738 1868 Similiter
763 1835 892 1868 autem
921 1835 957 1868 et
986 1831 1033 1868 ad
1062 1830 1155 1869 alios
1189 1830 1376 1868 amicos
1404 1842 1493 1868 cum
1523 1829 1677 1875 abisset,

265 1888 438 1927 similiter
473 1902 609 1939 passus
646 1893 713 1927 est.
772 1889 936 1927 Proinde
975 1888 1111 1928 decidit
1146 1889 1184 1927 in
1223 1902 1405 1939 magnam
1444 1888 1677 1927 tristitciam.

369 2125 482 2163 Mane
511 2131 638 2165 autem
668 2126 765 2165 facto
795 2126 900 2165 uenit
929 2126 976 2164 ad
1006 2125 1203 2164 ecelesiam
1233 2130 1364 2163 sancte
1389 2124 1456 2163 Dei
1487 2123 1677 2174 genitricis

263 2183 301 2222 in
344 2184 597 2224 Blachernen.
655 2185 753 2224 Cum
796 2185 953 2224 fudisset
989 2185 1222 2231 oracionem,
1265 2184 1392 2222 uisum
1433 2189 1490 2222 est
1530 2183 1595 2230 illi,
1637 2188 1678 2221 ut

264 2243 401 2281 iterum
430 2243 501 2282 iret
529 2245 575 2282 ad
605 2246 764 2283 ebreum
793 2244 1034 2284 Abramium.
1093 2244 1189 2283 Cum
1220 2249 1348 2282 autem
1377 2243 1458 2289 iret,
1496 2242 1602 2281 uenit
1630 2242 1677 2280 ad

262 2302 337 2341 iam
374 2302 493 2341 dictas
529 2304 754 2354 columpnas
797 2327 843 2331 —
878 2304 967 2343 inde
1008 2303 1112 2342 enim
1147 2309 1226 2342 erat
1264 2302 1447 2341 transitus
1486 2301 1589 2341 eunti
1630 2300 1677 2339 ad

262 2362 420 2400 domum
450 2362 594 2401 hebrei.
635 2363 793 2413 Aspexit
822 2369 950 2402 autem
977 2362 1212 2413 inmaginem
1234 2362 1386 2400 Domini
1417 2361 1537 2400 nostri
1564 2360 1676 2399 lhesu

369 2457 390 2487 :3
409 2456 454 2498 te]
474 2466 529 2489 om
547 2456 595 2495 E;
624 2456 747 2499 certifi]
770 2458 808 2497 —†-
829 2459 863 2491 te
882 2458 954 2501 K83
980 2456 1135 2491 audieris
1153 2458 1190 2490 E
1229 2455 1408 2490 audierint
1426 2457 1481 2489 ΚΥ
1516 2455 1537 2489 8
1554 2453 1599 2488 ad
1617 2454 1676 2488 K⁸

267 2510 308 2542 10
333 2509 377 2551 ei]
404 2519 459 2541 om
485 2509 525 2542 K
575 2510 616 2541 12}
642 2509 761 2553 reeip]
790 2512 827 2550 -ὶ-
859 2521 917 2544 me
942 2511 979 2544 K
1034 2511 1074 2543 16
1100 2520 1172 2543 non
1200 2509 1296 2544 aliud
1323 2510 1363 2543 K
1413 2509 1452 2543 17
1480 2508 1544 2550 tui]
1570 2506 1634 2541 tibi
1652 2507 1681 2541 S

263 2563 309 2595 20
326 2561 429 2595 nobis
447 2572 518 2595 non
539 2562 578 2595 K
617 2563 655 2595 21
679 2566 902 2605 conpunctus
921 2564 994 2596 ΕΚ
1039 2564 1083 2596 22
1101 2563 1210 2605 enim]
1238 2566 1358 2597 autem
1377 2563 1465 2601 EK3
1492 2561 1538 2603 et]
1559 2571 1613 2594 om
1638 2560 1679 2596 K

263 2616 306 2648 23
334 2615 440 2649 fidem
474 2618 571 2649 tuam
606 2617 678 2649 El<
727 2617 771 2648 226
804 2616 860 2658 ad]
889 2627 942 2649 om
969 2617 1008 2649 K
1055 2618 1101 2649 30
1136 2616 1309 2650 hebreum
1345 2616 1420 2649 ΕΚ
1466 2615 1511 2648 3-2.
1538 2613 1674 2655 hebrei]

262 2668 438 2703 habramii
467 2669 505 2701 K
