1834 2967
130 422 235 455 K145

202 477 225 513 5

181 771 228 809 10

116 1012 142 1047 E
155 1013 240 1046 162v

183 1067 229 1104 15

183 1794 205 1831 ΝΣ)

209 1794 231 1830 0(

186 2090 238 2127 30

826 116 1090 153 —73—

251 239 477 279 minassent.
517 239 671 278 Timore
690 244 820 278 autem
849 243 885 278 et
906 244 1072 277 tremore
1098 238 1296 289 multiplici
1316 239 1605 289 conprehensus
1626 238 1665 277 in

253 304 332 337 tam
359 297 524 336 mirabili
544 303 581 336 et
603 297 776 337 inaudito
805 297 975 348 prodigio
995 298 1131 336 tollens
1152 302 1304 336 sanctas
1333 299 1421 336 illas
1448 297 1666 348 particulas,

254 370 343 396 cum
373 357 479 396 omni
507 358 621 395 domo
651 370 722 396 sua
750 357 848 407 cepit
876 357 1056 395 clamare:
1096 356 1208 407 Kyrie
1237 356 1401 403 eleison;
1430 369 1667 406 currensque

254 417 302 454 ad
340 416 539 455 ecclesiam
576 417 624 455 ad
644 415 659 464 ΙΙ
680 415 966 454 sanctissimum
1009 414 1231 466 episcopum
1273 414 1500 465 Dionysium
1541 420 1666 454 osten-

256 475 309 514 dit
336 475 399 514 illi.
1222 471 1226 477 ’

361 535 446 573 Hoc
475 540 605 573 autem
632 534 863 573 miraculum
890 548 1077 585 magnum
1106 540 1142 573 et
1171 535 1417 573 tremendum
1445 546 1560 584 super
1588 546 1667 572 om·

256 607 347 632 nem
388 593 625 632 intellectum
667 599 703 632 et
745 607 979 640 sermonem,
1027 607 1143 644 super
1183 607 1340 632 omnem
1387 591 1585 632 scientiam
1631 597 1668 631 et

257 651 527 703 cogitationem
553 650 759 690 hominum
789 665 868 690 non
888 665 991 691 unus
1011 658 1077 691 aut
1106 653 1181 691 duo
1201 653 1263 690 uel
1282 657 1359 690 tres
1378 651 1572 697 uiderunt,
1603 652 1669 690 sed

256 716 334 750 tota
375 711 544 758 ecclesia,
587 711 691 750 ciues
730 717 765 749 et
803 711 935 758 exteri,
978 711 1117 750 urbani
1153 716 1190 750 et
1223 710 1405 761 hospites,
1446 712 1595 749 aduene
1633 715 1669 749 et

256 770 446 821 peregrini
475 770 608 820 quanti
628 769 775 808 inuenti
797 775 885 808 sunt
914 770 953 808 in
983 770 1146 817 ciuitate,
1167 770 1240 808 uiri
1261 776 1297 809 et
1316 769 1469 818 femine,
1499 769 1670 808 seniores

257 835 292 868 et
321 829 502 876 iuniores,
531 828 638 879 pueri
660 834 694 867 et
715 829 852 878 puelle,
883 828 1027 867 domini
1053 835 1086 867 et
1106 832 1222 876 serni,
1253 829 1389 867 diuites
1411 834 1448 867 et
1467 841 1670 879 pauperes,

258 888 384 927 omnis
413 888 529 926 simul
556 901 672 926 sexus
711 893 746 926 et
785 892 878 934 etas,
916 888 1222 937 uniuersumque
1260 888 1400 939 uulgus
1438 887 1568 938 populi
1605 886 1671 936 qui

257 948 305 985 ad
342 947 443 985 diem
484 952 588 985 tante
625 945 915 996 sollempnitatis
953 947 1202 985 aduenerant.
1260 947 1306 985 Et
1343 947 1396 985 hii
1435 946 1670 985 clamabant:

257 1005 370 1056 Kyrie
390 1005 551 1052 cleison3
573 1004 623 1044 illi
642 1018 753 1044 uero:
776 1004 945 1043 Gloriam
965 1005 1004 1044 in
1025 1005 1183 1044 excelsis
1197 1006 1294 1053 Deo3
1315 1005 1376 1045 alii
1395 1011 1524 1044 autem
1545 1004 1559 1055 ΙΙ
1579 1004 1673 1044 alios

258 1065 385 1103 imnos
426 1065 630 1103 mittebant
673 1065 721 1102 ad
755 1064 891 1103 Deum.
948 1064 1094 1103 Omnes
1137 1064 1240 1103 enim
1276 1064 1510 1103 unanimiter
1547 1065 1672 1102 Deum

257 1124 521 1174 glorificabant
561 1124 600 1161 in
643 1123 867 1162 huiusmodi
908 1123 1091 1162 ineffabili
1135 1129 1377 1163 sacramento
1419 1129 1454 1162 et
1500 1123 1672 1162 inaudito

258 1183 455 1222 miraculo.
498 1183 606 1221 Multi
635 1183 739 1221 enim
759 1188 912 1233 propter
940 1183 1015 1222 hoc
1035 1182 1212 1222 diuinum
1231 1183 1446 1233 prodigium
1475 1184 1673 1221 credentes

259 1241 427 1281 adiuncti
456 1247 547 1280 sunt
576 1247 706 1280 sancte
736 1242 941 1292 apostolice
969 1247 1005 1281 et
1034 1242 1218 1281 catholice
1247 1242 1403 1281 ecclesie
1441 1241 1554 1280 simul
1583 1254 1673 1280 cum

260 1314 304 1340 eo
345 1301 409 1351 qui
447 1301 552 1351 prius
589 1301 739 1340 uiderat
776 1306 812 1340 et
849 1302 1072 1349 adduxerat,
1114 1307 1156 1340 ut
1195 1314 1330 1340 omnes
1368 1301 1545 1340 uiderent
1578 1301 1673 1339 hoc*

260 1374 447 1410 magnum
474 1361 705 1398 miraculum
734 1366 769 1398 et
799 1360 1020 1399 admirabile
1050 1366 1335 1399 sacramentum
1373 1362 1420 1399 ad
1454 1361 1609 1399 laudem
1638 1364 1674 1398 et

261 1420 421 1470 gloriam
450 1419 605 1458 Domini
633 1419 755 1458 nostri
783 1420 897 1458 Ihesu
926 1420 1067 1459 Christi
1106 1420 1170 1470 qui
1205 1433 1294 1458 cum
1317 1421 1430 1458 Patre
1465 1425 1501 1458 et
1530 1419 1676 1470 Spiritu

261 1485 393 1518 sancto
423 1479 518 1517 uiuit
547 1484 583 1517 et
612 1483 745 1529 regnat
774 1479 813 1517 in
842 1479 971 1517 secula
1000 1479 1229 1518 seculorum.
1286 1479 1426 1517 Amen.

574 1644 648 1685 23.
692 1643 766 1685 De
807 1645 978 1685 sancto
1018 1643 1182 1685 Leone
1222 1656 1366 1698 papa.

263 1733 517 1819 Theodorus
558 1733 823 1771 sanctissimus
862 1733 1063 1783 episcopus
1111 1731 1273 1770 ciuitatis
1314 1732 1442 1770 Darne
1485 1729 1677 1781 prouintie

351 1792 457 1830 Libie
485 1792 657 1831 narrauit
680 1793 791 1831 nobis
819 1792 961 1839 dicens,
991 1791 1079 1841 quia
1100 1805 1188 1830 cum
1217 1804 1342 1830 essem
1371 1791 1550 1829 sincellus
1579 1803 1677 1840 pape

262 1850 424 1901 Eulogii,
458 1851 536 1889 uidi
564 1851 604 1890 in
633 1851 783 1890 uisione
810 1851 939 1890 uirum
969 1851 1162 1900 quendam
1191 1851 1383 1888 seniorem
1421 1856 1454 1888 et
1490 1862 1678 1900 magnum

263 1910 453 1949 dicentem
486 1910 621 1949 michi:
660 1911 811 1949 Nuncia
840 1911 886 1948 de
913 1923 976 1948 me
1005 1911 1050 1948 ad
1090 1923 1229 1960 papam
1259 1909 1472 1959 Eulogium.
1528 1908 1601 1947 Aio
1629 1908 1677 1946 ad

264 1982 370 2008 eum:
401 1969 496 2016 Quis
526 1982 578 2016 es,
609 1970 851 2008 dominator?
894 1969 994 2016 Quid
1015 1969 1176 2019 precipis
1204 1974 1246 2007 ut
1275 1968 1325 2006 illi
1355 1968 1561 2007 nunciem‘?
1603 1966 1677 2015 Qui

264 2030 461 2078 respondit
486 2028 604 2066 michi
633 2029 782 2067 dicens:
813 2029 892 2078 Ego
921 2041 1009 2066 sum
1038 2041 1137 2078 papa
1164 2028 1241 2066 Leo
1262 2028 1474 2066 Romanus.
1533 2026 1677 2065 Intraui

266 2086 421 2136 quidem
450 2101 513 2137 eqo
543 2093 578 2126 et
608 2087 791 2126 nunciaui
820 2087 852 2126 ei
883 2087 1030 2126 dicens:
1062 2087 1336 2125 sanctissimus
1366 2093 1478 2135 atque
1508 2085 1678 2125 beatissi-

264 2159 352 2184 mus
382 2160 478 2196 papa
507 2147 597 2194 Leo,
627 2147 804 2185 Romane
833 2146 990 2185 ecclesie
1020 2145 1202 2196 pontifex,
1233 2147 1396 2184 salutare
1430 2151 1465 2184 te
1494 2145 1588 2184 uult.
1631 2145 1680 2183 Vt

266 2205 410 2243 audiuit
440 2210 567 2243 autem
604 2206 677 2244 hoc
716 2219 813 2256 papa
842 2205 1037 2255 Eulogius,
1076 2205 1222 2243 concite
1252 2204 1416 2243 surrexit
1454 2210 1490 2243 et
1519 2217 1678 2243 currens

267 2263 436 2302 obuiauit
466 2264 527 2302 illi.
571 2265 617 2303 Et
646 2265 856 2303 salutantes
877 2278 917 2303 se
946 2264 1112 2303 inuicem
1132 2269 1245 2313 atque
1265 2264 1478 2303 orationem
1498 2263 1679 2302 facientes

267 2324 534 2362 consederunt.

374 2457 393 2488 :3
430 2455 509 2489 tulit
542 2455 621 2489 ΕΚ
690 2456 710 2489 3
745 2454 916 2498 omnique
950 2455 1029 2489 ΕΚ
1098 2454 1120 2487 4
1152 2458 1183 2487 et
1212 2458 1275 2488 ost.
1302 2454 1343 2488 K
1416 2454 1457 2486 10
1483 2453 1615 2487 ciuitati
1644 2454 1684 2487 E

273 2508 313 2541 14
339 2508 450 2551 gloria
471 2509 509 2542 K
578 2509 618 2541 15
644 2519 771 2551 ymnos
796 2508 877 2543 ΕΚ
937 2508 1024 2549 glor.
1051 2507 1158 2541 deum
1178 2508 1218 2541 Κ
1288 2508 1327 2541 18
1354 2507 1446 2540 calli.
1474 2510 1507 2540 et
1533 2517 1587 2550 ap.
1608 2507 1683 2539 ΕΚ

269 2562 308 2594 21
340 2561 399 2604 qui
434 2561 526 2603 curn]
556 2562 669 2603 defici!
704 2562 745 2595 Κ
814 2562 858 2594 25
885 2560 993 2604 Lybie
1018 2561 1097 2595 ΕΚ
1167 2560 1346 2594 sinicellus
1380 2560 1460 2594 ΕΚ
1528 2561 1567 2592 :il
1608 2559 1679 2593 Leo

270 2626 359 2658 papa
388 2615 426 2649 Κ
473 2616 516 2648 32
543 2615 608 2648 hec
634 2615 713 2649 ΕΚ
759 2625 974 2657 currensque
1002 2615 1079 2648 ΕΚ
