1834 2967
108 305 136 338 E
153 304 218 338 139
237 298 270 336 ei
290 303 331 336 ut
352 297 366 348 ΙΙ
386 297 577 336 laboraret
605 297 731 347 ipsum
760 302 963 346 argentum
989 301 1025 334 et
1045 301 1231 334 sterneret
1259 296 1296 334 in
1318 296 1554 346 pauimento,
1583 296 1647 334 ubi

159 888 206 925 10

156 1537 208 1575 ⁶20

237 361 341 395 stant
369 357 587 395 sacerdotes
617 362 652 394 et
675 362 830 394 tronum
850 354 1126 405 archiepiscopi
1154 361 1191 393 et
1210 367 1416 393 ascensum
1435 355 1516 393 eius
1545 360 1582 393 et
1601 368 1647 393 ex

238 415 342 454 omni
362 420 470 466 parte
485 418 589 454 sacri
609 415 737 454 altaris
754 415 981 464 columpnas
996 419 1033 452 et
1046 414 1261 464 pectoralia.
1291 414 1500 463 Cyborium
1519 422 1649 453 autem

237 475 339 524 quod
367 479 441 513 stat
470 487 586 524 super
614 480 791 512 sanctum
820 473 888 511 Dei
918 486 1107 519 mensam,
1136 478 1173 511 et
1201 474 1422 519 ambonem,
1462 474 1563 522 quod
1592 479 1648 511 est

237 533 440 584 pulpitum,
470 535 516 572 de
536 539 694 582 argento
723 532 994 582 probatissimo
1022 532 1140 570 fieri
1173 532 1338 571 iussit.
1393 532 1492 570 Cum
1519 537 1650 571 autem

237 595 323 632 bene
342 593 590 642 perfecissent
610 592 769 630 mirifica
790 604 916 641 opera,
947 604 1022 640 que
1051 604 1173 641 usque
1192 592 1305 630 hodie
1330 597 1579 642 perseuerant
1607 591 1647 629 in

236 658 478 690 sacros-(meto
507 652 650 701 templo
684 656 816 688 sancte
845 650 1000 700 Sophie‚
1036 663 1110 699 que
1139 656 1196 689 est
1225 651 1293 689 Dei
1331 650 1528 700 sapientia,
1567 650 1648 689 reli-

237 724 356 761 quum
386 717 589 760 argentum
619 711 718 759 quod
732 710 786 747 ‘de
815 709 974 759 plumbo
1005 709 1126 748 suerat
1147 711 1337 757 effectum,
1368 711 1649 759 deputauerunt

236 771 274 808 in
304 770 387 808 aliis
416 770 577 808 diuersis
606 769 797 819 operibus.

341 887 452 925 Tunc
481 886 660 924 dominus
681 886 909 924 Theodorus
939 899 1030 924 una
1054 899 1141 924 cum
1171 886 1332 936 coniuge
1362 899 1430 925 sua
1459 886 1650 925 abrenun-

236 946 380 985 ciantes
410 946 551 992 seculo7
582 946 669 984 facti
689 950 779 983 sunt
807 945 990 983 monachi
1018 951 1055 984 et
1083 951 1375 995 perseuerantes
1403 946 1442 983 in
1472 945 1650 996 operibus

235 1005 348 1043 bonis
392 1006 438 1043 ad
481 1017 635 1043 summa
672 1003 841 1042 culmina
884 1009 1156 1054 peruenerunt,
1203 1004 1255 1042 ita
1295 1009 1336 1042 ut
1382 1004 1542 1043 uirtutes
1584 1017 1651 1054 per

235 1077 301 1103 eos
342 1064 522 1102 dominus
564 1068 786 1113 operaretur
836 1068 872 1101 et
912 1063 1153 1113 predicerent
1201 1077 1271 1113 que
1316 1069 1480 1102 uentura
1526 1069 1653 1103 erant.

235 1123 423 1162 Dominus
452 1129 581 1162 autem
601 1122 808 1161 Abramius
837 1122 1036 1161 fabricauit
1063 1123 1249 1173 templum
1278 1122 1481 1161 mirificum
1510 1123 1547 1161 in
1567 1123 1651 1161 loco

235 1189 366 1222 sancte
394 1182 602 1232 inmaginis
630 1182 699 1220 Dei
737 1188 771 1220 et
799 1183 1010 1220 saluatoris
1047 1184 1174 1220 nostri
1201 1183 1320 1220 Ihesu
1353 1182 1511 1229 Christi,
1550 1183 1651 1232 quod

234 1242 395 1280 diuersis
423 1241 614 1280 coloribus
644 1246 681 1280 et
708 1243 876 1280 diuersis
906 1240 1143 1279 ornamentis
1172 1241 1377 1279 decorauit.

340 1360 435 1398 Hoc
455 1365 497 1398 ut
517 1359 661 1398 audiuit
679 1359 866 1398 Proculus
887 1359 1194 1409 archiepiscopus
1214 1361 1314 1409 quod
1333 1360 1542 1397 Abramius
1559 1361 1652 1407 fece-

235 1426 309 1466 rat,
352 1419 463 1457 ualde
500 1419 573 1457 illi*
610 1418 761 1468 placuit.
817 1417 864 1456 Et
897 1419 1044 1456 uadens
1081 1431 1149 1468 per
1187 1418 1436 1468 semetipsum
1466 1418 1652 1456 dedicauit

233 1478 420 1529 templum
447 1478 484 1517 in
515 1479 665 1516 honore
693 1477 847 1516 Domini
884 1484 917 1516 et
955 1479 1165 1516 saluatoris
1203 1477 1323 1516 nostri
1351 1477 1469 1516 Ihesu
1498 1477 1654 1525 Christi,

236 1539 337 1588 quod
366 1543 412 1576 et
438 1537 708 1588 Antiphonitin
735 1536 998 1587 cognominari
1018 1536 1224 1575 constituit.
1268 1537 1400 1587 Ipsum
1419 1549 1512 1575 uero
1531 1537 1650 1576 Abra-

234 1596 356 1635 mium
392 1596 647 1647 presbiterum
684 1596 723 1634 in
752 1597 887 1635 eodem
917 1597 1058 1646 templo
1088 1596 1290 1635 ordinauit.
1350 1596 1396 1634 Et
1424 1596 1566 1634 factum
1595 1602 1651 1635 est

110 1660 215 1695 863τ
236 1656 416 1706 gaudium
460 1660 497 1694 et
532 1655 657 1694 leticia
698 1669 875 1705 magna
907 1654 921 1705 Η
954 1655 994 1694 in
1035 1661 1115 1694 tota
1157 1656 1264 1703 urbe,
1307 1655 1485 1693 dantibus
1528 1661 1650 1694 autem

159 1839 207 1876 Ξῖ)

237 1715 418 1754 omnibus
444 1714 598 1753 laudem
629 1720 665 1753 et
693 1715 853 1765 gloriam
873 1714 952 1753 Deo
982 1714 1046 1764 qui
1074 1714 1161 1753 facit
1180 1714 1365 1753 mirabilia
1390 1728 1530 1764 magna
1548 1714 1652 1753 solus

238 1788 352 1824 super
380 1787 516 1813 omnes
546 1774 608 1823 qui
639 1779 794 1824 sperant
822 1774 860 1812 in
891 1787 947 1812 eo.
1005 1774 1199 1821 Quoniam
1236 1774 1364 1824 ipsum
1393 1774 1499 1812 decet
1527 1774 1653 1812 omnis

238 1833 357 1883 gloria
386 1839 422 1872 et
441 1833 563 1872 uirtus
592 1841 625 1871 et
646 1834 820 1884 potencia
849 1840 882 1871 et}
910 1834 1036 1872 honor
1065 1839 1101 1872 et
1120 1833 1290 1872 adoratio
1311 1846 1414 1872 nunc
1443 1839 1479 1871 et
1503 1846 1658 1884 semper

111 1896 210 1930 Klffl
235 1898 271 1931 et
300 1905 366 1942 per
385 1892 535 1931 infinita
563 1893 690 1931 secula
718 1893 947 1931 seculorum.
1004 1892 1142 1931 Amen.
1165 1891 1180 1942 ΙΙ

348 2058 368 2091 Q
395 2057 567 2091 thronum
593 2058 642 2097 E;
675 2057 844 2090 trhonum
873 2057 912 2090 K
977 2057 1020 2090 13
1045 2056 1209 2098 uentura]
1242 2056 1361 2089 sutum
1387 2056 1424 2089 Κ
1492 2054 1533 2088 17
1558 2053 1653 2097 quod

243 2110 391 2144 audiens
418 2111 493 2144 ΕΚ
544 2110 585 2144 18
610 2109 736 2153 dedica]
765 2112 803 2151 —4-
833 2110 926 2144 idem
954 2110 990 2143 E
1035 2108 1082 2143 id.
1100 2112 1209 2153 temp.
1227 2109 1306 2142 ded.
1325 2109 1365 2142 K
1412 2108 1457 2141 25
1482 2107 1596 2142 honor
1622 2109 1656 2141 et

241 2163 353 2206 gloria
378 2164 416 2196 K
