1834 2967
714 186 975 223 ,37-

141 309 210 348 Cui
248 310 487 360 respondens
524 311 665 348 Mesita
703 309 775 347 ait:
815 309 951 355 Etiam,
991 309 1229 356 dominat0r;
1272 315 1308 347 et
1344 309 1459 348 huius
1496 308 1551 348 rei
1610 329 1613 331 >

140 368 260 418 gratia
288 368 378 407 ueni
407 369 565 407 adorare
594 374 631 406 et
659 368 798 418 gratias
827 367 893 406 tibi
922 381 1044 417 agere.
1101 367 1164 405 Ait
1198 369 1246 406 ad
1275 381 1363 406 eum
1398 368 1458 407 ille
1487 368 1550 417 qui

142 428 299 466 sedebat
326 427 364 465 in
395 428 555 466 throno:
585 427 710 465 Etiam
739 426 923 476 ampliora
952 427 1053 464 dona
1082 425 1170 464 tibi*
1187 426 1400 476 largiuntur
1428 440 1450 466 a
1470 440 1550 474 me3

141 487 231 524 sede
259 491 300 524 ut
320 486 387 524 tibi
417 487 549 536 placet.
606 485 652 524 Et
681 485 836 523 abiens
856 484 991 523 Mesita
1020 485 1115 523 sedit
1143 485 1181 523 in
1204 498 1362 523 scamno
1391 486 1436 524 ad
1464 487 1550 524 dex·
1576 491 1603 525 E
1624 492 1690 525 140

138 550 238 583 tram
267 545 360 583 eius.
1605 546 1629 583 5

246 604 337 653 Ego,
368 603 489 652 inquit
518 602 702 647 notarius,
734 601 869 640 uidens
898 615 963 640 eos
985 615 1120 640 omnes
1149 615 1234 640 esse
1248 601 1441 652 Ethiopes,
1471 616 1550 641 non

139 661 444 713 appropinquaui
482 661 591 699 alicui
634 674 781 704 eorum.
820 662 887 699 sed
925 660 1059 699 abiens
1097 661 1181 699 steti
1219 667 1320 700 retro
1362 661 1550 701 Mesitam.

143 721 190 759 Et
219 720 405 771 aspiciens
433 733 496 758 me
525 719 821 758 abhominabilis
850 720 911 758 ille
932 719 994 769 qui
1026 719 1182 758 sedebat
1212 720 1251 758 in
1286 725 1409 767 trono,
1439 720 1551 759 inter-

139 779 289 830 rogauit
316 779 492 818 Mesitam
522 779 671 818 dicens:
702 779 774 817 Hic
802 779 933 826 homo,
965 779 1027 828 qui
1049 784 1106 817 est
1135 784 1273 826 tecum,
1309 779 1394 829 quis
1424 785 1492 826 est,
1529 793 1551 818 o

141 839 295 878 domine
323 837 483 877 Mesita?
537 837 602 876 Ait
630 837 786 876 Mesita:
826 838 971 876 Seruus
1001 843 1089 876 tuus
1118 843 1186 885 est,
1217 839 1383 877 domine.
1442 838 1552 877 Tunc
1584 840 1631 877 10

139 897 388 948 interrogauit
416 897 610 936 notarium
638 898 702 935 ille
730 900 795 947 qui
822 898 971 936 sedebat
1001 899 1043 936 in
1071 903 1182 936 trono
1212 897 1342 936 dicens
1371 899 1422 935 ad
1450 911 1550 936 eum:

138 957 218 1005 Die,
247 956 435 1003 immanis,
474 969 610 995 seruus
640 969 750 994 meus
780 960 848 995 es?
903 956 1115 1006 Respondit
1154 956 1337 995 continuo
1366 956 1549 1003 notarim,
1575 963 1659 997 T51

139 1016 373 1066 consignans
403 1016 572 1066 seipsum
603 1015 752 1054 dicens:
791 1015 871 1066 Ego
900 1028 1036 1054 seruus
1066 1029 1153 1054 sum
1181 1016 1305 1054 Patris
1342 1021 1379 1054 et
1407 1015 1488 1054 Filii
1516 1021 1552 1054 et

139 1075 301 1126 Spiritus
330 1075 463 1114 sancti.

245 1135 343 1173 Cum
380 1140 509 1173 autem
539 1132 553 1184 Η
582 1135 654 1173 hec
689 1133 848 1172 nomina
884 1133 1115 1182 inuocasset,
1155 1134 1281 1173 statim
1317 1133 1449 1172 cecidit
1487 1133 1551 1183 qui
1576 1140 1657 1173 864

139 1195 295 1233 sedebat
323 1193 362 1232 in
392 1199 517 1241 trono,
547 1198 584 1232 et
603 1199 739 1232 tronus
760 1193 943 1243 disparuit
964 1198 1000 1231 et
1027 1194 1223 1243 lampades
1243 1193 1429 1232 exstincte
1449 1198 1550 1232 sunt.

137 1253 318 1303 Ethiopes
347 1258 477 1291 autem
496 1253 678 1291 ululando
698 1252 903 1302 fugierunt.
943 1252 1083 1291 Omnia
1102 1252 1384 1302 disparuerunt,
1413 1253 1552 1290 domus

137 1313 200 1352 illa
230 1312 397 1358 euanuit,
428 1312 560 1351 ciuitas
590 1313 770 1362 absorpta
798 1317 866 1350 est.
922 1311 1065 1350 Mesitis
1104 1324 1296 1361 nusquam
1334 1311 1550 1362 conparuit;

138 1372 269 1411 omnia
297 1371 457 1410 confusa
484 1377 521 1409 et
540 1371 723 1422 dissipata
744 1375 845 1410 sunt.
901 1370 1016 1409 Nulla
1044 1383 1132 1417 uox,
1163 1371 1291 1409 nullus
1312 1372 1418 1415 ordo,
1447 1370 1553 1409 nulla

140 1444 306 1481 persona
335 1430 409 1468 nisi
428 1430 532 1469 solus
561 1430 712 1468 iuuenis
740 1430 801 1468 ille
829 1429 1000 1469 notarius
1028 1432 1226 1469 remansit.
1579 1431 1630 1468 20

246 1489 332 1528 Non
363 1488 560 1539 requisiuit
578 1489 767 1535 Mesitam‚
797 1502 875 1527 non
896 1488 1060 1539 respexit
1089 1489 1136 1526 ad
1156 1489 1330 1527 dextram
1359 1501 1483 1537 neque
1504 1488 1551 1526 ad

141 1548 351 1593 sinistram,
381 1549 448 1586 sed
477 1548 684 1587 absoluens
714 1561 832 1597 equos
861 1547 1044 1593 ascendit,
1084 1549 1252 1598 seditque
1288 1561 1402 1597 super
1429 1560 1490 1586 eos
1517 1552 1554 1585 et

142 1607 291 1646 concito
321 1620 437 1645 cursu
466 1606 575 1645 rediit
603 1608 651 1645 ad
680 1607 828 1646 urbem.
885 1607 931 1645 Et
959 1607 1121 1645 ueniens
1150 1608 1197 1645 ad
1226 1612 1387 1657 portam,
1416 1606 1519 1644 unde
1540 1604 1555 1655 ΙΙ
1581 1612 1664 1646 Β82

142 1679 228 1705 sero
258 1666 414 1713 exierat,
454 1672 488 1704 et
523 1666 682 1716 pulsans
711 1665 880 1705 intrauit.
935 1665 1115 1704 Narrauit
1151 1679 1240 1715 ergo
1269 1664 1444 1716 portariis
1481 1677 1555 1713 que

140 1725 286 1764 uiderat
329 1738 479 1775 queque
519 1725 691 1764 audierat
728 1732 762 1764 et
798 1740 867 1776 que
902 1727 1009 1773 facta
1045 1727 1217 1773 fecerant.
1274 1725 1388 1763 Mane
1425 1729 1552 1762 autem
1582 1726 1631 1763 25

139 1785 237 1824 facto
266 1784 357 1823 abiit
386 1785 425 1823 in
454 1786 612 1823 domurn
642 1798 754 1823 suam
783 1790 819 1823 et
839 1784 981 1834 quieuit
1000 1797 1066 1834 per
1086 1784 1228 1834 aliquot
1256 1788 1419 1833 tempus,
1450 1783 1554 1821 solus

140 1844 210 1882 soli
239 1844 317 1882 Deo
347 1843 520 1882 seruiens
549 1844 608 1882 die
637 1849 842 1894 noctuque.

246 1903 338 1941 Post
366 1904 531 1941 multum
560 1916 653 1941 uero
691 1908 843 1953 tempus
885 1902 984 1941 idem
1028 1908 1176 1941 amator
1206 1902 1343 1940 Christi
1382 1901 1554 1940 notarius

140 1961 289 2000 adhesit
317 1961 469 2000 cuidam
498 1961 654 2012 patricio
683 1962 767 2000 uiro
795 1961 972 2012 religioso
1011 1960 1159 2000 timenti
1187 1961 1310 1999 Deum
1339 1965 1452 2009 atque
1481 1960 1554 1998 ele-

141 2020 331 2059 mosinam
360 2022 521 2059 multam
551 2021 710 2059 facienti.
1582 2022 1633 2059 30

248 2080 333 2118 Una
361 2093 513 2129 quoque
542 2079 689 2118 dierum
727 2080 945 2130 uespertino
983 2085 1154 2129 tempore
1192 2078 1351 2117 ueniunt
1391 2078 1551 2127 utrique,

252 2260 265 2291 1
296 2257 405 2301 dom]
426 2260 463 2297 4-
485 2256 592 2291 etiam
613 2257 685 2290 ΕΚ
734 2257 757 2290 4
774 2256 925 2291 habiens
945 2258 992 2291 Τ1
1029 2257 1065 2290 in
1083 2257 1134 2291 13³
1181 2256 1366 2290 dexteram
1383 2257 1417 2290 B
1466 2257 1487 2290 6
1503 2256 1554 2290 in-

143 2311 229 2355 quid
256 2312 328 2344 BT
383 2310 561 2354 Ethyopes
587 2310 766 2355 OEthiopes
792 2311 846 2352 K)
873 2321 948 2344 esse
974 2313 1009 2344 et
1034 2311 1106 2344 ΕΚ
1170 2310 1187 2343 7
1214 2309 1365 2343 habiens
1392 2310 1420 2343 S
1469 2309 1492 2343 8
1516 2309 1553 2343 in

142 2375 201 2398 me
227 2365 303 2398 ΕΚ
361 2363 648 2398 abhominabiles
673 2363 944 2404 (abominabiles
970 2364 1024 2403 Κ)
1050 2364 1124 2397 ΕΚ
1188 2363 1317 2397 trhono
1343 2364 1384 2397 K
1389 2373 1398 2403 3
1423 2362 1553 2396 throno

143 2419 248 2452 EBT
296 2418 337 2451 10
351 2416 508 2460 mesita2]
524 2416 583 2451 ille
596 2417 670 2451 ΕΚ
716 2417 815 2461 tunc]
833 2420 867 2451 et
880 2418 954 2451 ΕΚ
1005 2417 1046 2450 12
1066 2415 1134 2459 dic]
1153 2416 1211 2450 hic
1229 2415 1314 2450 T¹B
1327 2415 1344 2449 ἶ)
1393 2415 1554 2450 notarius

144 2471 313 2505 continuo
339 2471 380 2504 K
386 2482 394 2514 3
433 2469 617 2514 continuo]
640 2469 756 2513 inquit
781 2471 854 2504 BT
906 2471 948 2504 15
974 2470 1038 2504 hec
1069 2471 1114 2504 T⁸
1171 2468 1332 2513 nomina]
1357 2467 1478 2503 omnia
1504 2466 1554 2501 Β1

146 2524 187 2557 17
213 2524 383 2567 fugerunt
415 2525 547 2564 (anteaz
578 2522 769 2566 fugierunt)
795 2524 830 2557 Κ
894 2524 940 2557 20
970 2523 1029 2557 ille
1061 2522 1190 2566 notan]
1214 2533 1269 2556 om
1299 2523 1338 2556 K
1398 2522 1439 2556 21
1474 2521 1554 2555 dex—

143 2580 258 2610 teram
292 2577 364 2610 BT
423 2577 468 2610 22
503 2576 659 2610 absoluit
694 2587 803 2620 equos
839 2579 873 2610 et
898 2577 973 2610 ΕΚ
1035 2575 1267 2610 241ntroiuit
1292 2576 1363 2609 BT
1414 2575 1458 2608 25
1484 2584 1552 2617 que

143 2628 294 2673 uiderat]
319 2640 373 2663 om
400 2629 439 2662 Κ
492 2629 537 2662 26
563 2629 707 2672 aliquod
733 2630 807 2663 ΕΚ
855 2630 901 2664 28
927 2628 1018 2673 post]
1047 2631 1086 2670 -t-
1115 2639 1187 2662 non
1214 2629 1284 2662 ΕΚ
1343 2629 1387 2662 29
1413 2627 1552 2670 regioso

145 2683 192 2717 B¹
254 2683 294 2716 31
329 2693 506 2726 uesperno
532 2681 580 2715 B¹
630 2682 785 2725 quoque]
810 2681 919 2725 igitur
943 2682 1022 2717 ΕΚ
1076 2681 1228 2724 utrique]
1258 2684 1296 2721 -4-
1326 2681 1456 2724 pariter
1480 2681 1553 2713 ΕΚ
