<?xml version="1.0" encoding="UTF-8"?>
<!DOCTYPE html PUBLIC "-//W3C//DTD XHTML 1.0 Transitional//EN"
    "http://www.w3.org/TR/xhtml1/DTD/xhtml1-transitional.dtd">
<html xmlns="http://www.w3.org/1999/xhtml" xml:lang="en" lang="en">
 <head>
  <title>
</title>
<meta http-equiv="Content-Type" content="text/html;charset=utf-8" />
  <meta name='ocr-system' content='tesseract 3.04.00' />
  <meta name='ocr-capabilities' content='ocr_page ocr_carea ocr_par ocr_line ocrx_word'/>
</head>
<body>
  <div class='ocr_page' id='page_1' title='image "./liberdemiraculis00joanuoft_0043.png"; bbox 0 0 1834 2967; ppageno 0'>
   <div class='ocr_carea' id='block_1_1' title="bbox 735 153 972 189">
    <p class='ocr_par' dir='ltr' id='par_1_1' title="bbox 735 153 972 189">
     <span class='ocr_line' id='line_1_1' title="bbox 735 153 972 189; baseline 0 -13"><span class='ocrx_word' id='word_1_1' title='bbox 735 153 972 189; x_wconf 73' lang='lat'>—9-</span> 
     </span>
    </p>
   </div>
   <div class='ocr_carea' id='block_1_2' title="bbox 135 271 1694 2384">
    <p class='ocr_par' dir='ltr' id='par_1_2' title="bbox 143 271 1633 722">
     <span class='ocr_line' id='line_1_2' title="bbox 147 271 1553 324; baseline 0.001 -13"><span class='ocrx_word' id='word_1_2' title='bbox 147 272 291 311; x_wconf 86' lang='lat' dir='ltr'>amicos</span> <span class='ocrx_word' id='word_1_3' title='bbox 331 277 430 319; x_wconf 81' lang='lat' dir='ltr'>tuos⁷</span> <span class='ocrx_word' id='word_1_4' title='bbox 474 285 561 310; x_wconf 89' lang='lat' dir='ltr'>cum</span> <span class='ocrx_word' id='word_1_5' title='bbox 603 271 742 320; x_wconf 85' lang='lat' dir='ltr'>quibus</span> <span class='ocrx_word' id='word_1_6' title='bbox 783 271 911 321; x_wconf 84' lang='lat' dir='ltr'>sepius</span> <span class='ocrx_word' id='word_1_7' title='bbox 952 274 1076 309; x_wconf 63' lang='lat' dir='ltr'>socius</span> <span class='ocrx_word' id='word_1_8' title='bbox 1112 271 1213 310; x_wconf 86' lang='lat' dir='ltr'>suisti</span> <span class='ocrx_word' id='word_1_9' title='bbox 1251 272 1291 310; x_wconf 89' lang='lat' dir='ltr'>in</span> <span class='ocrx_word' id='word_1_10' title='bbox 1329 273 1488 324; x_wconf 82' lang='lat' dir='ltr'>negotiis</span> <span class='ocrx_word' id='word_1_11' title='bbox 1518 279 1553 312; x_wconf 83' lang='lat' dir='ltr'>et</span> 
     </span>
     <span class='ocr_line' id='line_1_3' title="bbox 147 329 1553 381; baseline 0 -11"><span class='ocrx_word' id='word_1_12' title='bbox 147 332 320 381; x_wconf 83' lang='lat' dir='ltr'>epulatus</span> <span class='ocrx_word' id='word_1_13' title='bbox 349 344 389 370; x_wconf 90' lang='lat' dir='ltr'>es</span> <span class='ocrx_word' id='word_1_14' title='bbox 416 344 503 370; x_wconf 88' lang='lat' dir='ltr'>cum</span> <span class='ocrx_word' id='word_1_15' title='bbox 533 330 604 377; x_wconf 83' lang='lat' dir='ltr'>eis3</span> <span class='ocrx_word' id='word_1_16' title='bbox 635 335 671 369; x_wconf 90' lang='lat' dir='ltr'>et</span> <span class='ocrx_word' id='word_1_17' title='bbox 698 333 824 379; x_wconf 71' lang='lat' dir='ltr'>accipe</span> <span class='ocrx_word' id='word_1_18' title='bbox 853 331 900 368; x_wconf 88' lang='lat' dir='ltr'>ab</span> <span class='ocrx_word' id='word_1_19' title='bbox 930 330 983 368; x_wconf 89' lang='lat' dir='ltr'>eis</span> <span class='ocrx_word' id='word_1_20' title='bbox 1012 329 1175 380; x_wconf 90' lang='lat' dir='ltr'>pretium</span> <span class='ocrx_word' id='word_1_21' title='bbox 1205 336 1241 369; x_wconf 86' lang='lat' dir='ltr'>et</span> <span class='ocrx_word' id='word_1_22' title='bbox 1269 331 1384 381; x_wconf 80' lang='lat' dir='ltr'>imple</span> <span class='ocrx_word' id='word_1_23' title='bbox 1413 346 1553 371; x_wconf 89' lang='lat' dir='ltr'>nauem</span> 
     </span>
     <span class='ocr_line' id='line_1_4' title="bbox 146 388 1553 436; baseline 0.001 -8"><span class='ocrx_word' id='word_1_24' title='bbox 146 396 252 428; x_wconf 85' lang='lat' dir='ltr'>tuam</span> <span class='ocrx_word' id='word_1_25' title='bbox 278 390 472 429; x_wconf 83' lang='lat' dir='ltr'>mercibus</span> <span class='ocrx_word' id='word_1_26' title='bbox 501 394 538 428; x_wconf 87' lang='lat' dir='ltr'>et</span> <span class='ocrx_word' id='word_1_27' title='bbox 564 390 710 436; x_wconf 86' lang='lat' dir='ltr'>labora,</span> <span class='ocrx_word' id='word_1_28' title='bbox 739 388 836 427; x_wconf 87' lang='lat' dir='ltr'>sicut</span> <span class='ocrx_word' id='word_1_29' title='bbox 864 394 1072 426; x_wconf 86' lang='lat' dir='ltr'>consuetus</span> <span class='ocrx_word' id='word_1_30' title='bbox 1108 402 1148 427; x_wconf 91' lang='lat' dir='ltr'>es</span> <span class='ocrx_word' id='word_1_31' title='bbox 1185 389 1320 428; x_wconf 84' lang='lat' dir='ltr'>facere.</span> <span class='ocrx_word' id='word_1_32' title='bbox 1377 390 1423 429; x_wconf 87' lang='lat' dir='ltr'>Et</span> <span class='ocrx_word' id='word_1_33' title='bbox 1451 391 1553 429; x_wconf 88' lang='lat' dir='ltr'>Deus</span> 
     </span>
     <span class='ocr_line' id='line_1_5' title="bbox 147 446 1554 499; baseline 0 -12"><span class='ocrx_word' id='word_1_34' title='bbox 147 449 390 499; x_wconf 87' lang='lat' dir='ltr'>omnipotens</span> <span class='ocrx_word' id='word_1_35' title='bbox 418 448 534 487; x_wconf 89' lang='lat' dir='ltr'>habet</span> <span class='ocrx_word' id='word_1_36' title='bbox 563 447 650 485; x_wconf 81' lang='lat' dir='ltr'>tibi*</span> <span class='ocrx_word' id='word_1_37' title='bbox 678 446 876 485; x_wconf 79' lang='lat' dir='ltr'>restituere</span> <span class='ocrx_word' id='word_1_38' title='bbox 905 460 949 485; x_wconf 90' lang='lat' dir='ltr'>ea</span> <span class='ocrx_word' id='word_1_39' title='bbox 977 460 1051 495; x_wconf 87' lang='lat' dir='ltr'>que</span> <span class='ocrx_word' id='word_1_40' title='bbox 1080 447 1273 496; x_wconf 82' lang='lat' dir='ltr'>perdidisti</span> <span class='ocrx_word' id='word_1_41' title='bbox 1303 452 1339 486; x_wconf 84' lang='lat' dir='ltr'>et</span> <span class='ocrx_word' id='word_1_42' title='bbox 1373 447 1445 487; x_wconf 81' lang='lat' dir='ltr'>alia</span> <span class='ocrx_word' id='word_1_43' title='bbox 1473 450 1554 499; x_wconf 90' lang='lat' dir='ltr'>plu-</span> 
     </span>
     <span class='ocr_line' id='line_1_6' title="bbox 146 504 1633 556; baseline 0.002 -11"><span class='ocrx_word' id='word_1_44' title='bbox 146 507 258 546; x_wconf 88' lang='lat' dir='ltr'>riora.</span> <span class='ocrx_word' id='word_1_45' title='bbox 303 508 362 546; x_wconf 88' lang='lat' dir='ltr'>Tu</span> <span class='ocrx_word' id='word_1_46' title='bbox 391 508 493 546; x_wconf 86' lang='lat' dir='ltr'>enim</span> <span class='ocrx_word' id='word_1_47' title='bbox 523 505 749 545; x_wconf 81' lang='lat' dir='ltr'>exercitatus</span> <span class='ocrx_word' id='word_1_48' title='bbox 776 518 817 544; x_wconf 86' lang='lat' dir='ltr'>es</span> <span class='ocrx_word' id='word_1_49' title='bbox 843 504 883 543; x_wconf 92' lang='lat' dir='ltr'>in</span> <span class='ocrx_word' id='word_1_50' title='bbox 911 505 1071 544; x_wconf 86' lang='lat' dir='ltr'>marinis</span> <span class='ocrx_word' id='word_1_51' title='bbox 1100 506 1262 556; x_wconf 87' lang='lat' dir='ltr'>negotiis</span> <span class='ocrx_word' id='word_1_52' title='bbox 1290 521 1314 544; x_wconf 78' lang='grc' dir='ltr'>(ι</span> <span class='ocrx_word' id='word_1_53' title='bbox 1336 511 1553 556; x_wconf 75' lang='lat' dir='ltr'>pueritia</span> <span class='ocrx_word' id='word_1_54' title='bbox 1609 511 1633 548; x_wconf 85' lang='lat'>5</span> 
     </span>
     <span class='ocr_line' id='line_1_7' title="bbox 145 564 1553 616; baseline -0.001 -11"><span class='ocrx_word' id='word_1_55' title='bbox 145 572 241 612; x_wconf 66' lang='lat' dir='ltr'>tua:</span> <span class='ocrx_word' id='word_1_56' title='bbox 281 567 354 605; x_wconf 88' lang='lat' dir='ltr'>scis</span> <span class='ocrx_word' id='word_1_57' title='bbox 392 566 494 604; x_wconf 89' lang='lat' dir='ltr'>enim</span> <span class='ocrx_word' id='word_1_58' title='bbox 533 565 623 614; x_wconf 85' lang='lat' dir='ltr'>quia</span> <span class='ocrx_word' id='word_1_59' title='bbox 661 577 768 603; x_wconf 90' lang='lat' dir='ltr'>mare</span> <span class='ocrx_word' id='word_1_60' title='bbox 797 569 833 602; x_wconf 88' lang='lat' dir='ltr'>et</span> <span class='ocrx_word' id='word_1_61' title='bbox 871 565 934 602; x_wconf 92' lang='lat' dir='ltr'>dat</span> <span class='ocrx_word' id='word_1_62' title='bbox 963 569 1000 602; x_wconf 89' lang='lat' dir='ltr'>et</span> <span class='ocrx_word' id='word_1_63' title='bbox 1036 564 1143 603; x_wconf 88' lang='lat' dir='ltr'>tollit.</span> <span class='ocrx_word' id='word_1_64' title='bbox 1201 565 1259 603; x_wconf 89' lang='lat' dir='ltr'>Tu</span> <span class='ocrx_word' id='word_1_65' title='bbox 1289 571 1417 604; x_wconf 87' lang='lat' dir='ltr'>autem</span> <span class='ocrx_word' id='word_1_66' title='bbox 1447 580 1553 616; x_wconf 87' lang='lat' dir='ltr'>spem</span> 
     </span>
     <span class='ocr_line' id='line_1_8' title="bbox 143 623 1555 675; baseline -0.001 -11"><span class='ocrx_word' id='word_1_67' title='bbox 143 630 249 664; x_wconf 85' lang='lat' dir='ltr'>tuam</span> <span class='ocrx_word' id='word_1_68' title='bbox 278 625 317 663; x_wconf 88' lang='lat' dir='ltr'>in</span> <span class='ocrx_word' id='word_1_69' title='bbox 351 626 540 663; x_wconf 67' lang='lat' dir='ltr'>Christo</span> <span class='ocrx_word' id='word_1_70' title='bbox 569 623 726 662; x_wconf 89' lang='lat' dir='ltr'>domino</span> <span class='ocrx_word' id='word_1_71' title='bbox 752 624 846 661; x_wconf 81' lang='lat' dir='ltr'>Deo</span> <span class='ocrx_word' id='word_1_72' title='bbox 874 629 1044 662; x_wconf 77' lang='lat' dir='ltr'>nostro</span> <span class='ocrx_word' id='word_1_73' title='bbox 1085 636 1198 673; x_wconf 88' lang='lat' dir='ltr'>pone,</span> <span class='ocrx_word' id='word_1_74' title='bbox 1241 629 1277 662; x_wconf 87' lang='lat' dir='ltr'>et</span> <span class='ocrx_word' id='word_1_75' title='bbox 1312 624 1392 674; x_wconf 90' lang='lat' dir='ltr'>ipse</span> <span class='ocrx_word' id='word_1_76' title='bbox 1421 625 1555 675; x_wconf 82' lang='lat' dir='ltr'>diriget</span> 
     </span>
     <span class='ocr_line' id='line_1_9' title="bbox 143 681 1314 722; baseline 0 0"><span class='ocrx_word' id='word_1_77' title='bbox 143 684 247 722; x_wconf 89' lang='lat' dir='ltr'>uiam</span> <span class='ocrx_word' id='word_1_78' title='bbox 277 690 393 722; x_wconf 90' lang='lat' dir='ltr'>tuam.</span> <span class='ocrx_word' id='word_1_79' title='bbox 450 683 555 721; x_wconf 86' lang='lat' dir='ltr'>Vade</span> <span class='ocrx_word' id='word_1_80' title='bbox 583 687 735 720; x_wconf 83' lang='lat' dir='ltr'>tantum</span> <span class='ocrx_word' id='word_1_81' title='bbox 765 687 801 720; x_wconf 90' lang='lat' dir='ltr'>et</span> <span class='ocrx_word' id='word_1_82' title='bbox 830 683 888 721; x_wconf 85' lang='lat' dir='ltr'>fac</span> <span class='ocrx_word' id='word_1_83' title='bbox 915 681 1070 720; x_wconf 88' lang='lat' dir='ltr'>meum*</span> <span class='ocrx_word' id='word_1_84' title='bbox 1099 683 1314 722; x_wconf 85' lang='lat' dir='ltr'>consilium.</span> 
     </span>
    </p>

    <p class='ocr_par' dir='ltr' id='par_1_3' title="bbox 139 741 1634 1383">
     <span class='ocr_line' id='line_1_10' title="bbox 249 741 1554 781; baseline 0 0"><span class='ocrx_word' id='word_1_85' title='bbox 249 743 397 781; x_wconf 73' lang='lat' dir='ltr'>Placuit</span> <span class='ocrx_word' id='word_1_86' title='bbox 435 747 562 780; x_wconf 87' lang='lat' dir='ltr'>autem</span> <span class='ocrx_word' id='word_1_87' title='bbox 592 741 795 780; x_wconf 88' lang='lat' dir='ltr'>Theodoro</span> <span class='ocrx_word' id='word_1_88' title='bbox 825 755 952 780; x_wconf 88' lang='lat' dir='ltr'>sermo</span> <span class='ocrx_word' id='word_1_89' title='bbox 990 744 1094 780; x_wconf 69' lang='lat' dir='ltr'>eius</span> <span class='ocrx_word' id='word_1_90' title='bbox 1134 741 1257 780; x_wconf 87' lang='lat' dir='ltr'>amici.</span> <span class='ocrx_word' id='word_1_91' title='bbox 1316 742 1427 780; x_wconf 89' lang='lat' dir='ltr'>Tunc</span> <span class='ocrx_word' id='word_1_92' title='bbox 1463 743 1554 781; x_wconf 84' lang='lat' dir='ltr'>abiit</span> 
     </span>
     <span class='ocr_line' id='line_1_11' title="bbox 142 799 1634 852; baseline 0 -12"><span class='ocrx_word' id='word_1_93' title='bbox 142 804 194 840; x_wconf 75' lang='lat' dir='ltr'>ad</span> <span class='ocrx_word' id='word_1_94' title='bbox 222 802 406 852; x_wconf 86' lang='lat' dir='ltr'>templum</span> <span class='ocrx_word' id='word_1_95' title='bbox 446 809 577 839; x_wconf 86' lang='lat' dir='ltr'>sancte</span> <span class='ocrx_word' id='word_1_96' title='bbox 612 800 678 839; x_wconf 91' lang='lat' dir='ltr'>Dei</span> <span class='ocrx_word' id='word_1_97' title='bbox 719 799 909 850; x_wconf 83' lang='lat' dir='ltr'>genitricis</span> <span class='ocrx_word' id='word_1_98' title='bbox 948 805 985 838; x_wconf 90' lang='lat' dir='ltr'>et</span> <span class='ocrx_word' id='word_1_99' title='bbox 1023 799 1180 850; x_wconf 88' lang='lat' dir='ltr'>uirginis</span> <span class='ocrx_word' id='word_1_100' title='bbox 1218 800 1337 845; x_wconf 85' lang='lat' dir='ltr'>Marie</span> <span class='ocrx_word' id='word_1_101' title='bbox 1374 802 1477 850; x_wconf 79' lang='lat' dir='ltr'>quod</span> <span class='ocrx_word' id='word_1_102' title='bbox 1514 801 1551 839; x_wconf 87' lang='lat' dir='ltr'>in</span> <span class='ocrx_word' id='word_1_103' title='bbox 1586 804 1634 841; x_wconf 89' lang='lat'>10</span> 
     </span>
     <span class='ocr_line' id='line_1_12' title="bbox 143 858 1556 910; baseline 0 -12"><span class='ocrx_word' id='word_1_104' title='bbox 143 860 354 898; x_wconf 86' lang='lat' dir='ltr'>Blacherne</span> <span class='ocrx_word' id='word_1_105' title='bbox 381 858 540 899; x_wconf 80' lang='lat' dir='ltr'>mirifice</span> <span class='ocrx_word' id='word_1_106' title='bbox 569 860 648 897; x_wconf 55' lang='lat' dir='ltr'>esu-²</span> <span class='ocrx_word' id='word_1_107' title='bbox 685 863 963 905; x_wconf 85' lang='lat' dir='ltr'>constructum,</span> <span class='ocrx_word' id='word_1_108' title='bbox 994 859 1151 909; x_wconf 84' lang='lat' dir='ltr'>proiecit</span> <span class='ocrx_word' id='word_1_109' title='bbox 1189 873 1230 898; x_wconf 88' lang='lat' dir='ltr'>se</span> <span class='ocrx_word' id='word_1_110' title='bbox 1258 859 1297 898; x_wconf 90' lang='lat' dir='ltr'>in</span> <span class='ocrx_word' id='word_1_111' title='bbox 1335 860 1556 910; x_wconf 88' lang='lat' dir='ltr'>pauimento</span> 
     </span>
     <span class='ocr_line' id='line_1_13' title="bbox 140 917 1555 969; baseline 0 -12"><span class='ocrx_word' id='word_1_112' title='bbox 140 924 229 957; x_wconf 86' lang='lat' dir='ltr'>ante</span> <span class='ocrx_word' id='word_1_113' title='bbox 258 918 476 968; x_wconf 75' lang='lat' dir='ltr'>ymaginem</span> <span class='ocrx_word' id='word_1_114' title='bbox 512 917 683 957; x_wconf 89' lang='lat' dir='ltr'>eiusdem</span> <span class='ocrx_word' id='word_1_115' title='bbox 720 918 789 956; x_wconf 88' lang='lat' dir='ltr'>Dei</span> <span class='ocrx_word' id='word_1_116' title='bbox 827 918 1018 968; x_wconf 84' lang='lat' dir='ltr'>genitricis</span> <span class='ocrx_word' id='word_1_117' title='bbox 1054 925 1097 957; x_wconf 84' lang='lat' dir='ltr'>et</span> <span class='ocrx_word' id='word_1_118' title='bbox 1131 921 1345 969; x_wconf 69' lang='lat' dir='ltr'>uiryinis</span> <span class='ocrx_word' id='word_1_119' title='bbox 1381 920 1555 965; x_wconf 62' lang='lat' dir='ltr'>Marte,</span> 
     </span>
     <span class='ocr_line' id='line_1_14' title="bbox 141 977 1556 1028; baseline 0 -12"><span class='ocrx_word' id='word_1_120' title='bbox 141 991 227 1017; x_wconf 88' lang='lat' dir='ltr'>eam</span> <span class='ocrx_word' id='word_1_121' title='bbox 247 978 450 1028; x_wconf 84' lang='lat' dir='ltr'>ipsumque</span> <span class='ocrx_word' id='word_1_122' title='bbox 480 977 542 1027; x_wconf 82' lang='lat' dir='ltr'>qui</span> <span class='ocrx_word' id='word_1_123' title='bbox 571 990 618 1015; x_wconf 84' lang='lat' dir='ltr'>ex</span> <span class='ocrx_word' id='word_1_124' title='bbox 647 990 692 1016; x_wconf 86' lang='lat' dir='ltr'>ea</span> <span class='ocrx_word' id='word_1_125' title='bbox 720 990 789 1028; x_wconf 91' lang='lat' dir='ltr'>pro</span> <span class='ocrx_word' id='word_1_126' title='bbox 810 982 942 1016; x_wconf 90' lang='lat' dir='ltr'>nostra</span> <span class='ocrx_word' id='word_1_127' title='bbox 961 978 1126 1016; x_wconf 83' lang='lat' dir='ltr'>salute**</span> <span class='ocrx_word' id='word_1_128' title='bbox 1155 983 1268 1016; x_wconf 87' lang='lat' dir='ltr'>natus</span> <span class='ocrx_word' id='word_1_129' title='bbox 1297 983 1355 1016; x_wconf 91' lang='lat' dir='ltr'>est</span> <span class='ocrx_word' id='word_1_130' title='bbox 1375 990 1490 1016; x_wconf 87' lang='lat' dir='ltr'>orans</span> <span class='ocrx_word' id='word_1_131' title='bbox 1520 983 1556 1016; x_wconf 91' lang='lat' dir='ltr'>et</span> 
     </span>
     <span class='ocr_line' id='line_1_15' title="bbox 140 1036 1555 1088; baseline -0.001 -12"><span class='ocrx_word' id='word_1_132' title='bbox 140 1038 363 1088; x_wconf 83' lang='lat' dir='ltr'>deprecans,</span> <span class='ocrx_word' id='word_1_133' title='bbox 393 1043 434 1075; x_wconf 84' lang='lat' dir='ltr'>ut</span> <span class='ocrx_word' id='word_1_134' title='bbox 454 1038 601 1075; x_wconf 88' lang='lat' dir='ltr'>bonum</span> <span class='ocrx_word' id='word_1_135' title='bbox 621 1036 823 1076; x_wconf 89' lang='lat' dir='ltr'>consilium</span> <span class='ocrx_word' id='word_1_136' title='bbox 843 1036 1009 1086; x_wconf 85' lang='lat' dir='ltr'>utileque</span> <span class='ocrx_word' id='word_1_137' title='bbox 1038 1036 1221 1075; x_wconf 79' lang='lat' dir='ltr'>auxilium</span> <span class='ocrx_word' id='word_1_138' title='bbox 1242 1037 1313 1075; x_wconf 92' lang='lat' dir='ltr'>sibi</span> <span class='ocrx_word' id='word_1_139' title='bbox 1333 1036 1555 1087; x_wconf 87' lang='lat' dir='ltr'>dignaretur</span> 
     </span>
     <span class='ocr_line' id='line_1_16' title="bbox 140 1095 1633 1146; baseline 0.001 -12"><span class='ocrx_word' id='word_1_140' title='bbox 140 1096 316 1135; x_wconf 86' lang='lat' dir='ltr'>tribuere.</span> <span class='ocrx_word' id='word_1_141' title='bbox 374 1097 573 1146; x_wconf 89' lang='lat' dir='ltr'>Completa</span> <span class='ocrx_word' id='word_1_142' title='bbox 613 1101 742 1134; x_wconf 85' lang='lat' dir='ltr'>autem</span> <span class='ocrx_word' id='word_1_143' title='bbox 785 1095 958 1134; x_wconf 83' lang='lat' dir='ltr'>oratione</span> <span class='ocrx_word' id='word_1_144' title='bbox 1000 1108 1179 1134; x_wconf 88' lang='lat' dir='ltr'>reuersus</span> <span class='ocrx_word' id='word_1_145' title='bbox 1222 1101 1279 1135; x_wconf 91' lang='lat' dir='ltr'>est</span> <span class='ocrx_word' id='word_1_146' title='bbox 1316 1096 1355 1134; x_wconf 90' lang='lat' dir='ltr'>in</span> <span class='ocrx_word' id='word_1_147' title='bbox 1395 1097 1553 1135; x_wconf 88' lang='lat' dir='ltr'>domum</span> <span class='ocrx_word' id='word_1_148' title='bbox 1587 1099 1633 1136; x_wconf 80' lang='lat'>15</span> 
     </span>
     <span class='ocr_line' id='line_1_17' title="bbox 140 1154 1553 1204; baseline 0 -11"><span class='ocrx_word' id='word_1_149' title='bbox 140 1168 251 1194; x_wconf 88' lang='lat' dir='ltr'>suam</span> <span class='ocrx_word' id='word_1_150' title='bbox 280 1161 314 1193; x_wconf 84' lang='lat' dir='ltr'>et</span> <span class='ocrx_word' id='word_1_151' title='bbox 342 1154 523 1193; x_wconf 86' lang='lat' dir='ltr'>indicauit</span> <span class='ocrx_word' id='word_1_152' title='bbox 542 1154 694 1204; x_wconf 90' lang='lat' dir='ltr'>coniugi</span> <span class='ocrx_word' id='word_1_153' title='bbox 715 1168 782 1193; x_wconf 87' lang='lat' dir='ltr'>sue</span> <span class='ocrx_word' id='word_1_154' title='bbox 803 1154 932 1193; x_wconf 86' lang='lat' dir='ltr'>omnia</span> <span class='ocrx_word' id='word_1_155' title='bbox 954 1167 1027 1204; x_wconf 87' lang='lat' dir='ltr'>que</span> <span class='ocrx_word' id='word_1_156' title='bbox 1047 1155 1096 1193; x_wconf 85' lang='lat' dir='ltr'>ab</span> <span class='ocrx_word' id='word_1_157' title='bbox 1117 1155 1240 1193; x_wconf 88' lang='lat' dir='ltr'>amico</span> <span class='ocrx_word' id='word_1_158' title='bbox 1267 1168 1350 1194; x_wconf 82' lang='lat' dir='ltr'>suo</span> <span class='ocrx_word' id='word_1_159' title='bbox 1370 1155 1553 1194; x_wconf 86' lang='lat' dir='ltr'>audierat.</span> 
     </span>
     <span class='ocr_line' id='line_1_18' title="bbox 139 1213 1554 1263; baseline -0.001 -10"><span class='ocrx_word' id='word_1_160' title='bbox 139 1214 204 1253; x_wconf 87' lang='lat' dir='ltr'>Illa</span> <span class='ocrx_word' id='word_1_161' title='bbox 231 1227 336 1259; x_wconf 90' lang='lat' dir='ltr'>uero,</span> <span class='ocrx_word' id='word_1_162' title='bbox 365 1219 407 1253; x_wconf 82' lang='lat' dir='ltr'>ut</span> <span class='ocrx_word' id='word_1_163' title='bbox 435 1220 515 1253; x_wconf 88' lang='lat' dir='ltr'>erat</span> <span class='ocrx_word' id='word_1_164' title='bbox 543 1213 729 1263; x_wconf 78' lang='lat' dir='ltr'>religiosa,</span> <span class='ocrx_word' id='word_1_165' title='bbox 760 1219 889 1252; x_wconf 85' lang='lat' dir='ltr'>secuta</span> <span class='ocrx_word' id='word_1_166' title='bbox 919 1219 975 1252; x_wconf 89' lang='lat' dir='ltr'>est</span> <span class='ocrx_word' id='word_1_167' title='bbox 1004 1214 1085 1252; x_wconf 91' lang='lat' dir='ltr'>eius</span> <span class='ocrx_word' id='word_1_168' title='bbox 1114 1214 1317 1252; x_wconf 90' lang='lat' dir='ltr'>consilium</span> <span class='ocrx_word' id='word_1_169' title='bbox 1354 1219 1390 1253; x_wconf 79' lang='lat' dir='ltr'>et</span> <span class='ocrx_word' id='word_1_170' title='bbox 1427 1214 1478 1253; x_wconf 85' lang='lat' dir='ltr'>ait</span> <span class='ocrx_word' id='word_1_171' title='bbox 1507 1215 1554 1253; x_wconf 89' lang='lat' dir='ltr'>ad</span> 
     </span>
     <span class='ocr_line' id='line_1_19' title="bbox 140 1272 1554 1323; baseline -0.001 -11"><span class='ocrx_word' id='word_1_172' title='bbox 140 1286 249 1312; x_wconf 88' lang='lat' dir='ltr'>eum:</span> <span class='ocrx_word' id='word_1_173' title='bbox 288 1273 401 1321; x_wconf 91' lang='lat' dir='ltr'>Quod</span> <span class='ocrx_word' id='word_1_174' title='bbox 439 1273 505 1312; x_wconf 89' lang='lat' dir='ltr'>tibi</span> <span class='ocrx_word' id='word_1_175' title='bbox 544 1273 741 1323; x_wconf 71' lang='lat' dir='ltr'>placuerit,</span> <span class='ocrx_word' id='word_1_176' title='bbox 785 1273 940 1311; x_wconf 87' lang='lat' dir='ltr'>domine</span> <span class='ocrx_word' id='word_1_177' title='bbox 977 1272 1043 1319; x_wconf 84' lang='lat' dir='ltr'>mi,</span> <span class='ocrx_word' id='word_1_178' title='bbox 1092 1273 1216 1312; x_wconf 86' lang='lat' dir='ltr'>facito.</span> <span class='ocrx_word' id='word_1_179' title='bbox 1283 1273 1387 1311; x_wconf 90' lang='lat' dir='ltr'>Deus</span> <span class='ocrx_word' id='word_1_180' title='bbox 1425 1278 1554 1312; x_wconf 87' lang='lat' dir='ltr'>autem</span> 
     </span>
     <span class='ocr_line' id='line_1_20' title="bbox 140 1331 993 1383; baseline 0 -13"><span class='ocrx_word' id='word_1_181' title='bbox 140 1332 384 1383; x_wconf 85' lang='lat' dir='ltr'>omnipotens</span> <span class='ocrx_word' id='word_1_182' title='bbox 413 1345 485 1370; x_wconf 90' lang='lat' dir='ltr'>nos</span> <span class='ocrx_word' id='word_1_183' title='bbox 514 1332 648 1381; x_wconf 84' lang='lat' dir='ltr'>dirigat</span> <span class='ocrx_word' id='word_1_184' title='bbox 676 1332 716 1370; x_wconf 85' lang='lat' dir='ltr'>in</span> <span class='ocrx_word' id='word_1_185' title='bbox 746 1331 882 1370; x_wconf 89' lang='lat' dir='ltr'>timore</span> <span class='ocrx_word' id='word_1_186' title='bbox 911 1345 993 1370; x_wconf 80' lang='lat' dir='ltr'>suo,</span> 
     </span>
    </p>

    <p class='ocr_par' dir='ltr' id='par_1_4' title="bbox 135 1391 1694 2208">
     <span class='ocr_line' id='line_1_21' title="bbox 245 1391 1635 1438; baseline 0.002 -9"><span class='ocrx_word' id='word_1_187' title='bbox 245 1391 390 1429; x_wconf 90' lang='lat' dir='ltr'>Abiens</span> <span class='ocrx_word' id='word_1_188' title='bbox 419 1396 549 1430; x_wconf 85' lang='lat' dir='ltr'>autem</span> <span class='ocrx_word' id='word_1_189' title='bbox 578 1391 804 1429; x_wconf 89' lang='lat' dir='ltr'>Theodorus</span> <span class='ocrx_word' id='word_1_190' title='bbox 840 1392 886 1429; x_wconf 85' lang='lat' dir='ltr'>ad</span> <span class='ocrx_word' id='word_1_191' title='bbox 916 1395 1121 1429; x_wconf 88' lang='lat' dir='ltr'>consuetos</span> <span class='ocrx_word' id='word_1_192' title='bbox 1150 1391 1293 1429; x_wconf 86' lang='lat' dir='ltr'>amicos</span> <span class='ocrx_word' id='word_1_193' title='bbox 1323 1404 1426 1438; x_wconf 82' lang='lat' dir='ltr'>SUOS,</span> <span class='ocrx_word' id='word_1_194' title='bbox 1466 1404 1553 1429; x_wconf 90' lang='lat' dir='ltr'>cum</span> <span class='ocrx_word' id='word_1_195' title='bbox 1583 1395 1635 1432; x_wconf 66' lang='lat'>20</span> 
     </span>
     <span class='ocr_line' id='line_1_22' title="bbox 139 1449 1554 1500; baseline 0 -12"><span class='ocrx_word' id='word_1_196' title='bbox 139 1450 279 1499; x_wconf 89' lang='lat' dir='ltr'>quibus</span> <span class='ocrx_word' id='word_1_197' title='bbox 299 1450 426 1500; x_wconf 88' lang='lat' dir='ltr'>sepius</span> <span class='ocrx_word' id='word_1_198' title='bbox 452 1450 627 1500; x_wconf 86' lang='lat' dir='ltr'>epulatus</span> <span class='ocrx_word' id='word_1_199' title='bbox 647 1450 769 1489; x_wconf 86' lang='lat' dir='ltr'>fuerat</span> <span class='ocrx_word' id='word_1_200' title='bbox 788 1449 827 1488; x_wconf 91' lang='lat' dir='ltr'>in</span> <span class='ocrx_word' id='word_1_201' title='bbox 858 1449 972 1488; x_wconf 81' lang='lat' dir='ltr'>uariis</span> <span class='ocrx_word' id='word_1_202' title='bbox 994 1449 1147 1497; x_wconf 87' lang='lat' dir='ltr'>deliciis,</span> <span class='ocrx_word' id='word_1_203' title='bbox 1177 1450 1275 1500; x_wconf 88' lang='lat' dir='ltr'>cepit</span> <span class='ocrx_word' id='word_1_204' title='bbox 1304 1463 1369 1489; x_wconf 93' lang='lat' dir='ltr'>eos</span> <span class='ocrx_word' id='word_1_205' title='bbox 1398 1452 1554 1499; x_wconf 85' lang='lat' dir='ltr'>rogare*</span> 
     </span>
     <span class='ocr_line' id='line_1_23' title="bbox 140 1509 1553 1560; baseline -0.001 -12"><span class='ocrx_word' id='word_1_206' title='bbox 140 1509 357 1560; x_wconf 86' lang='lat' dir='ltr'>suppliciter</span> <span class='ocrx_word' id='word_1_207' title='bbox 377 1510 525 1548; x_wconf 88' lang='lat' dir='ltr'>dicens:</span> <span class='ocrx_word' id='word_1_208' title='bbox 548 1509 670 1557; x_wconf 86' lang='lat' dir='ltr'>Scitis,</span> <span class='ocrx_word' id='word_1_209' title='bbox 691 1509 882 1548; x_wconf 85' lang='lat' dir='ltr'>karissimi</span> <span class='ocrx_word' id='word_1_210' title='bbox 902 1510 1049 1557; x_wconf 74' lang='lat' dir='ltr'>fratres,</span> <span class='ocrx_word' id='word_1_211' title='bbox 1071 1510 1161 1559; x_wconf 91' lang='lat' dir='ltr'>quid</span> <span class='ocrx_word' id='word_1_212' title='bbox 1181 1510 1298 1548; x_wconf 88' lang='lat' dir='ltr'>michi</span> <span class='ocrx_word' id='word_1_213' title='bbox 1319 1509 1495 1560; x_wconf 81' lang='lat' dir='ltr'>contigit*</span> <span class='ocrx_word' id='word_1_214' title='bbox 1515 1510 1553 1547; x_wconf 89' lang='lat' dir='ltr'>in</span> 
     </span>
     <span class='ocr_line' id='line_1_24' title="bbox 138 1568 1554 1619; baseline 0.001 -13"><span class='ocrx_word' id='word_1_215' title='bbox 138 1582 245 1607; x_wconf 83' lang='lat' dir='ltr'>mare</span> <span class='ocrx_word' id='word_1_216' title='bbox 273 1569 342 1616; x_wconf 78' lang='lat' dir='ltr'>(sic</span> <span class='ocrx_word' id='word_1_217' title='bbox 370 1581 516 1618; x_wconf 78' lang='lat' dir='ltr'>semper</span> <span class='ocrx_word' id='word_1_218' title='bbox 528 1570 565 1616; x_wconf 87' lang='lat'>!).</span> <span class='ocrx_word' id='word_1_219' title='bbox 621 1569 766 1618; x_wconf 73' lang='lat' dir='ltr'>Itaque,</span> <span class='ocrx_word' id='word_1_220' title='bbox 796 1570 949 1619; x_wconf 86' lang='lat' dir='ltr'>quando</span> <span class='ocrx_word' id='word_1_221' title='bbox 979 1582 1085 1607; x_wconf 89' lang='lat' dir='ltr'>eram</span> <span class='ocrx_word' id='word_1_222' title='bbox 1104 1568 1213 1608; x_wconf 88' lang='lat' dir='ltr'>diues</span> <span class='ocrx_word' id='word_1_223' title='bbox 1232 1569 1271 1606; x_wconf 90' lang='lat' dir='ltr'>in</span> <span class='ocrx_word' id='word_1_224' title='bbox 1292 1582 1386 1607; x_wconf 89' lang='lat' dir='ltr'>auro</span> <span class='ocrx_word' id='word_1_225' title='bbox 1412 1575 1451 1607; x_wconf 84' lang='lat' dir='ltr'>et</span> <span class='ocrx_word' id='word_1_226' title='bbox 1480 1583 1554 1607; x_wconf 80' lang='lat' dir='ltr'>ar-</span> 
     </span>
     <span class='ocr_line' id='line_1_25' title="bbox 135 1627 1554 1678; baseline 0 -12"><span class='ocrx_word' id='word_1_227' title='bbox 135 1631 271 1678; x_wconf 73' lang='lat' dir='ltr'>yento</span> <span class='ocrx_word' id='word_1_228' title='bbox 291 1632 328 1666; x_wconf 90' lang='lat' dir='ltr'>et</span> <span class='ocrx_word' id='word_1_229' title='bbox 346 1628 385 1666; x_wconf 89' lang='lat' dir='ltr'>in</span> <span class='ocrx_word' id='word_1_230' title='bbox 400 1627 482 1666; x_wconf 87' lang='lat' dir='ltr'>aliis</span> <span class='ocrx_word' id='word_1_231' title='bbox 496 1628 625 1675; x_wconf 78' lang='lat' dir='ltr'>rebus,</span> <span class='ocrx_word' id='word_1_232' title='bbox 646 1627 895 1666; x_wconf 87' lang='lat' dir='ltr'>sociabamini</span> <span class='ocrx_word' id='word_1_233' title='bbox 910 1641 1075 1666; x_wconf 87' lang='lat' dir='ltr'>mecum.</span> <span class='ocrx_word' id='word_1_234' title='bbox 1104 1628 1217 1666; x_wconf 88' lang='lat' dir='ltr'>Nunc</span> <span class='ocrx_word' id='word_1_235' title='bbox 1237 1633 1378 1672; x_wconf 85' lang='lat' dir='ltr'>autem,</span> <span class='ocrx_word' id='word_1_236' title='bbox 1400 1629 1554 1677; x_wconf 82' lang='lat' dir='ltr'>quando</span> 
     </span>
     <span class='ocr_line' id='line_1_26' title="bbox 138 1686 1632 1737; baseline 0.001 -12"><span class='ocrx_word' id='word_1_237' title='bbox 138 1687 259 1725; x_wconf 86' lang='lat' dir='ltr'>factus</span> <span class='ocrx_word' id='word_1_238' title='bbox 279 1700 366 1725; x_wconf 89' lang='lat' dir='ltr'>sum</span> <span class='ocrx_word' id='word_1_239' title='bbox 386 1700 543 1737; x_wconf 83' lang='lat' dir='ltr'>pauper,</span> <span class='ocrx_word' id='word_1_240' title='bbox 566 1686 682 1725; x_wconf 90' lang='lat' dir='ltr'>nolite</span> <span class='ocrx_word' id='word_1_241' title='bbox 701 1700 775 1734; x_wconf 76' lang='lat' dir='ltr'>me,</span> <span class='ocrx_word' id='word_1_242' title='bbox 797 1700 929 1736; x_wconf 81' lang='lat' dir='ltr'>queso,</span> <span class='ocrx_word' id='word_1_243' title='bbox 950 1687 1155 1734; x_wconf 82' lang='lat' dir='ltr'>abicere‚**</span> <span class='ocrx_word' id='word_1_244' title='bbox 1176 1688 1242 1725; x_wconf 91' lang='lat' dir='ltr'>sed</span> <span class='ocrx_word' id='word_1_245' title='bbox 1263 1687 1372 1725; x_wconf 85' lang='lat' dir='ltr'>facite</span> <span class='ocrx_word' id='word_1_246' title='bbox 1400 1700 1553 1725; x_wconf 88' lang='lat' dir='ltr'>mecum</span> <span class='ocrx_word' id='word_1_247' title='bbox 1583 1690 1632 1727; x_wconf 65' lang='lat'>95</span> 
     </span>
     <span class='ocr_line' id='line_1_27' title="bbox 139 1745 1554 1796; baseline -0.001 -12"><span class='ocrx_word' id='word_1_248' title='bbox 139 1745 437 1784; x_wconf 87' lang='lat' dir='ltr'>misericordiam</span> <span class='ocrx_word' id='word_1_249' title='bbox 466 1752 500 1784; x_wconf 79' lang='lat' dir='ltr'>et</span> <span class='ocrx_word' id='word_1_250' title='bbox 524 1747 610 1784; x_wconf 88' lang='lat' dir='ltr'>date</span> <span class='ocrx_word' id='word_1_251' title='bbox 630 1745 745 1784; x_wconf 88' lang='lat' dir='ltr'>michi</span> <span class='ocrx_word' id='word_1_252' title='bbox 776 1746 944 1796; x_wconf 84' lang='lat' dir='ltr'>aliquam</span> <span class='ocrx_word' id='word_1_253' title='bbox 964 1746 1178 1796; x_wconf 84' lang='lat' dir='ltr'>portionem</span> <span class='ocrx_word' id='word_1_254' title='bbox 1199 1746 1295 1792; x_wconf 86' lang='lat' dir='ltr'>auri,</span> <span class='ocrx_word' id='word_1_255' title='bbox 1325 1751 1366 1783; x_wconf 89' lang='lat' dir='ltr'>ut</span> <span class='ocrx_word' id='word_1_256' title='bbox 1386 1745 1554 1784; x_wconf 83' lang='lat' dir='ltr'>reficiam</span> 
     </span>
     <span class='ocr_line' id='line_1_28' title="bbox 139 1803 1694 1855; baseline 0.001 -12"><span class='ocrx_word' id='word_1_257' title='bbox 139 1817 281 1843; x_wconf 91' lang='lat' dir='ltr'>nauem</span> <span class='ocrx_word' id='word_1_258' title='bbox 301 1818 448 1851; x_wconf 90' lang='lat' dir='ltr'>meam;</span> <span class='ocrx_word' id='word_1_259' title='bbox 471 1803 485 1855; x_wconf 84' lang='grc' dir='ltr'>Η</span> <span class='ocrx_word' id='word_1_260' title='bbox 507 1810 543 1843; x_wconf 90' lang='lat' dir='ltr'>et</span> <span class='ocrx_word' id='word_1_261' title='bbox 563 1818 673 1855; x_wconf 89' lang='lat' dir='ltr'>spero</span> <span class='ocrx_word' id='word_1_262' title='bbox 695 1804 733 1842; x_wconf 90' lang='lat' dir='ltr'>in</span> <span class='ocrx_word' id='word_1_263' title='bbox 755 1805 874 1843; x_wconf 76' lang='lat' dir='ltr'>Deum</span> <span class='ocrx_word' id='word_1_264' title='bbox 894 1805 984 1854; x_wconf 85' lang='lat' dir='ltr'>quia</span> <span class='ocrx_word' id='word_1_265' title='bbox 1003 1805 1166 1843; x_wconf 89' lang='lat' dir='ltr'>saluabit</span> <span class='ocrx_word' id='word_1_266' title='bbox 1186 1818 1260 1851; x_wconf 86' lang='lat' dir='ltr'>me,</span> <span class='ocrx_word' id='word_1_267' title='bbox 1290 1809 1326 1842; x_wconf 89' lang='lat' dir='ltr'>et</span> <span class='ocrx_word' id='word_1_268' title='bbox 1354 1804 1694 1846; x_wconf 79' lang='lat' dir='ltr'>restituamW158v</span> 
     </span>
     <span class='ocr_line' id='line_1_29' title="bbox 139 1863 1554 1902; baseline 0 0"><span class='ocrx_word' id='word_1_269' title='bbox 139 1863 250 1902; x_wconf 90' lang='lat' dir='ltr'>uobis</span> <span class='ocrx_word' id='word_1_270' title='bbox 270 1877 408 1902; x_wconf 87' lang='lat' dir='ltr'>aurum</span> <span class='ocrx_word' id='word_1_271' title='bbox 437 1869 612 1902; x_wconf 89' lang='lat' dir='ltr'>uestrum</span> <span class='ocrx_word' id='word_1_272' title='bbox 641 1877 728 1902; x_wconf 89' lang='lat' dir='ltr'>cum</span> <span class='ocrx_word' id='word_1_273' title='bbox 758 1877 888 1902; x_wconf 85' lang='lat' dir='ltr'>usura.</span> <span class='ocrx_word' id='word_1_274' title='bbox 932 1864 1043 1902; x_wconf 85' lang='lat' dir='ltr'>Scitis</span> <span class='ocrx_word' id='word_1_275' title='bbox 1073 1864 1178 1902; x_wconf 89' lang='lat' dir='ltr'>enim</span> <span class='ocrx_word' id='word_1_276' title='bbox 1207 1869 1401 1902; x_wconf 87' lang='lat' dir='ltr'>certamen</span> <span class='ocrx_word' id='word_1_277' title='bbox 1422 1877 1554 1902; x_wconf 88' lang='lat' dir='ltr'>meum</span> 
     </span>
     <span class='ocr_line' id='line_1_30' title="bbox 139 1922 1554 1972; baseline 0.001 -12"><span class='ocrx_word' id='word_1_278' title='bbox 139 1922 176 1960; x_wconf 91' lang='lat' dir='ltr'>in</span> <span class='ocrx_word' id='word_1_279' title='bbox 221 1936 325 1961; x_wconf 81' lang='lat' dir='ltr'>mare</span> <span class='ocrx_word' id='word_1_280' title='bbox 367 1924 478 1972; x_wconf 88' lang='lat' dir='ltr'>quale</span> <span class='ocrx_word' id='word_1_281' title='bbox 521 1929 574 1961; x_wconf 81' lang='lat' dir='ltr'>est</span> <span class='ocrx_word' id='word_1_282' title='bbox 617 1928 654 1962; x_wconf 86' lang='lat' dir='ltr'>et</span> <span class='ocrx_word' id='word_1_283' title='bbox 695 1923 918 1961; x_wconf 84' lang='lat' dir='ltr'>exercitium</span> <span class='ocrx_word' id='word_1_284' title='bbox 958 1923 998 1961; x_wconf 91' lang='lat' dir='ltr'>in</span> <span class='ocrx_word' id='word_1_285' title='bbox 1042 1923 1138 1961; x_wconf 90' lang='lat' dir='ltr'>meis</span> <span class='ocrx_word' id='word_1_286' title='bbox 1181 1922 1353 1972; x_wconf 81' lang='lat' dir='ltr'>negotiis.</span> <span class='ocrx_word' id='word_1_287' title='bbox 1410 1922 1460 1961; x_wconf 90' lang='lat' dir='ltr'>At</span> <span class='ocrx_word' id='word_1_288' title='bbox 1503 1923 1554 1961; x_wconf 89' lang='lat' dir='ltr'>illi</span> 
     </span>
     <span class='ocr_line' id='line_1_31' title="bbox 139 1981 1634 2032; baseline 0.001 -12"><span class='ocrx_word' id='word_1_289' title='bbox 139 1983 416 2032; x_wconf 87' lang='lat' dir='ltr'>respondentes</span> <span class='ocrx_word' id='word_1_290' title='bbox 454 1981 632 2020; x_wconf 84' lang='lat' dir='ltr'>dixerunt</span> <span class='ocrx_word' id='word_1_291' title='bbox 669 1983 716 2020; x_wconf 90' lang='lat' dir='ltr'>ad</span> <span class='ocrx_word' id='word_1_292' title='bbox 755 1995 862 2020; x_wconf 87' lang='lat' dir='ltr'>eum:</span> <span class='ocrx_word' id='word_1_293' title='bbox 908 1981 1060 2020; x_wconf 88' lang='lat' dir='ltr'>Scimus</span> <span class='ocrx_word' id='word_1_294' title='bbox 1099 1981 1202 2020; x_wconf 87' lang='lat' dir='ltr'>enim</span> <span class='ocrx_word' id='word_1_295' title='bbox 1231 1986 1268 2020; x_wconf 89' lang='lat' dir='ltr'>te</span> <span class='ocrx_word' id='word_1_296' title='bbox 1297 1986 1333 2020; x_wconf 86' lang='lat' dir='ltr'>et</span> <span class='ocrx_word' id='word_1_297' title='bbox 1360 1987 1468 2020; x_wconf 90' lang='lat' dir='ltr'>tuam</span> <span class='ocrx_word' id='word_1_298' title='bbox 1496 1981 1553 2020; x_wconf 88' lang='lat' dir='ltr'>in·</span> <span class='ocrx_word' id='word_1_299' title='bbox 1583 1985 1634 2023; x_wconf 88' lang='lat'>30</span> 
     </span>
     <span class='ocr_line' id='line_1_32' title="bbox 140 2040 1554 2091; baseline 0 -12"><span class='ocrx_word' id='word_1_300' title='bbox 140 2041 328 2079; x_wconf 86' lang='lat' dir='ltr'>dustriam</span> <span class='ocrx_word' id='word_1_301' title='bbox 365 2042 485 2080; x_wconf 88' lang='lat' dir='ltr'>bene*</span> <span class='ocrx_word' id='word_1_302' title='bbox 514 2040 707 2080; x_wconf 87' lang='lat' dir='ltr'>nouimus.</span> <span class='ocrx_word' id='word_1_303' title='bbox 764 2041 904 2091; x_wconf 86' lang='lat' dir='ltr'>Accipe</span> <span class='ocrx_word' id='word_1_304' title='bbox 942 2055 964 2079; x_wconf 91' lang='lat' dir='ltr'>a</span> <span class='ocrx_word' id='word_1_305' title='bbox 1002 2041 1113 2079; x_wconf 88' lang='lat' dir='ltr'>nobis</span> <span class='ocrx_word' id='word_1_306' title='bbox 1152 2054 1198 2079; x_wconf 83' lang='lat' dir='ltr'>ex</span> <span class='ocrx_word' id='word_1_307' title='bbox 1234 2040 1373 2090; x_wconf 82' lang='lat' dir='ltr'>quibus</span> <span class='ocrx_word' id='word_1_308' title='bbox 1411 2041 1554 2079; x_wconf 89' lang='lat' dir='ltr'>dederit</span> 
     </span>
     <span class='ocr_line' id='line_1_33' title="bbox 140 2099 1552 2150; baseline 0 -11"><span class='ocrx_word' id='word_1_309' title='bbox 140 2100 243 2139; x_wconf 88' lang='lat' dir='ltr'>Deus</span> <span class='ocrx_word' id='word_1_310' title='bbox 272 2100 311 2138; x_wconf 89' lang='lat' dir='ltr'>in</span> <span class='ocrx_word' id='word_1_311' title='bbox 341 2113 457 2139; x_wconf 89' lang='lat' dir='ltr'>causa</span> <span class='ocrx_word' id='word_1_312' title='bbox 485 2100 680 2150; x_wconf 77' lang='lat' dir='ltr'>dispendii</span> <span class='ocrx_word' id='word_1_313' title='bbox 699 2099 752 2138; x_wconf 88' lang='lat' dir='ltr'>tui</span> <span class='ocrx_word' id='word_1_314' title='bbox 781 2105 921 2150; x_wconf 83' lang='lat' dir='ltr'>tueque</span> <span class='ocrx_word' id='word_1_315' title='bbox 950 2101 1095 2138; x_wconf 73' lang='lat' dir='ltr'>domui.</span> <span class='ocrx_word' id='word_1_316' title='bbox 1149 2100 1227 2138; x_wconf 92' lang='lat' dir='ltr'>Nos</span> <span class='ocrx_word' id='word_1_317' title='bbox 1253 2106 1378 2138; x_wconf 77' lang='lat' dir='ltr'>autem</span> <span class='ocrx_word' id='word_1_318' title='bbox 1406 2100 1444 2138; x_wconf 89' lang='lat' dir='ltr'>in</span> <span class='ocrx_word' id='word_1_319' title='bbox 1474 2113 1552 2139; x_wconf 89' lang='lat' dir='ltr'>ma-</span> 
     </span>
     <span class='ocr_line' id='line_1_34' title="bbox 141 2157 1458 2208; baseline 0.001 -12"><span class='ocrx_word' id='word_1_320' title='bbox 141 2158 253 2197; x_wconf 86' lang='lat' dir='ltr'>rinis*</span> <span class='ocrx_word' id='word_1_321' title='bbox 282 2158 526 2197; x_wconf 88' lang='lat' dir='ltr'>henthicibus</span> <span class='ocrx_word' id='word_1_322' title='bbox 556 2172 635 2198; x_wconf 92' lang='lat' dir='ltr'>non</span> <span class='ocrx_word' id='word_1_323' title='bbox 663 2159 853 2197; x_wconf 90' lang='lat' dir='ltr'>habemus</span> <span class='ocrx_word' id='word_1_324' title='bbox 884 2160 1062 2197; x_wconf 81' lang='lat' dir='ltr'>necesse*</span> <span class='ocrx_word' id='word_1_325' title='bbox 1091 2157 1157 2196; x_wconf 86' lang='lat' dir='ltr'>tibi</span> <span class='ocrx_word' id='word_1_326' title='bbox 1186 2158 1326 2208; x_wconf 82' lang='lat' dir='ltr'>aliquid</span> <span class='ocrx_word' id='word_1_327' title='bbox 1356 2160 1458 2198; x_wconf 87' lang='lat' dir='ltr'>dare.</span> 
     </span>
    </p>

    <p class='ocr_par' dir='ltr' id='par_1_5' title="bbox 142 2216 1633 2384">
     <span class='ocr_line' id='line_1_35' title="bbox 248 2216 1554 2256; baseline 0.001 -1"><span class='ocrx_word' id='word_1_328' title='bbox 248 2217 332 2256; x_wconf 92' lang='lat' dir='ltr'>Hoc</span> <span class='ocrx_word' id='word_1_329' title='bbox 360 2218 488 2256; x_wconf 83' lang='lat' dir='ltr'>audito</span> <span class='ocrx_word' id='word_1_330' title='bbox 518 2218 746 2256; x_wconf 89' lang='lat' dir='ltr'>Theodorus</span> <span class='ocrx_word' id='word_1_331' title='bbox 776 2231 863 2256; x_wconf 89' lang='lat' dir='ltr'>cum</span> <span class='ocrx_word' id='word_1_332' title='bbox 892 2219 1012 2256; x_wconf 76' lang='lat' dir='ltr'>multa</span> <span class='ocrx_word' id='word_1_333' title='bbox 1041 2220 1208 2256; x_wconf 73' lang='lat' dir='ltr'>tristicia</span> <span class='ocrx_word' id='word_1_334' title='bbox 1238 2224 1271 2256; x_wconf 84' lang='lat' dir='ltr'>et</span> <span class='ocrx_word' id='word_1_335' title='bbox 1309 2216 1554 2256; x_wconf 76' lang='lat' dir='ltr'>tribulatiene</span> 
     </span>
     <span class='ocr_line' id='line_1_36' title="bbox 142 2276 1633 2326; baseline 0.003 -12"><span class='ocrx_word' id='word_1_336' title='bbox 142 2276 387 2326; x_wconf 77' lang='lat' dir='ltr'>angustiaque</span> <span class='ocrx_word' id='word_1_337' title='bbox 415 2279 563 2315; x_wconf 70' lang='lat' dir='ltr'>nimia</span> <span class='ocrx_word' id='word_1_338' title='bbox 592 2289 769 2315; x_wconf 87' lang='lat' dir='ltr'>reuersus</span> <span class='ocrx_word' id='word_1_339' title='bbox 790 2282 847 2315; x_wconf 88' lang='lat' dir='ltr'>est</span> <span class='ocrx_word' id='word_1_340' title='bbox 875 2276 913 2314; x_wconf 89' lang='lat' dir='ltr'>in</span> <span class='ocrx_word' id='word_1_341' title='bbox 935 2277 1094 2314; x_wconf 90' lang='lat' dir='ltr'>domum</span> <span class='ocrx_word' id='word_1_342' title='bbox 1114 2290 1236 2315; x_wconf 82' lang='lat' dir='ltr'>suam.</span> <span class='ocrx_word' id='word_1_343' title='bbox 1293 2277 1339 2316; x_wconf 86' lang='lat' dir='ltr'>Et</span> <span class='ocrx_word' id='word_1_344' title='bbox 1367 2277 1417 2316; x_wconf 88' lang='lat' dir='ltr'>ait</span> <span class='ocrx_word' id='word_1_345' title='bbox 1446 2276 1557 2315; x_wconf 86' lang='lat' dir='ltr'>uxori</span> <span class='ocrx_word' id='word_1_346' title='bbox 1583 2280 1633 2317; x_wconf 80' lang='lat'>35</span> 
     </span>
     <span class='ocr_line' id='line_1_37' title="bbox 142 2335 1554 2384; baseline 0.001 -11"><span class='ocrx_word' id='word_1_347' title='bbox 142 2348 228 2374; x_wconf 90' lang='lat' dir='ltr'>sue:</span> <span class='ocrx_word' id='word_1_348' title='bbox 259 2335 414 2381; x_wconf 81' lang='lat' dir='ltr'>Eamus,</span> <span class='ocrx_word' id='word_1_349' title='bbox 437 2335 593 2374; x_wconf 88' lang='lat' dir='ltr'>domina</span> <span class='ocrx_word' id='word_1_350' title='bbox 613 2349 710 2382; x_wconf 85' lang='lat' dir='ltr'>mea,</span> <span class='ocrx_word' id='word_1_351' title='bbox 741 2341 784 2374; x_wconf 87' lang='lat' dir='ltr'>et</span> <span class='ocrx_word' id='word_1_352' title='bbox 813 2335 908 2374; x_wconf 87' lang='lat' dir='ltr'>sicut</span> <span class='ocrx_word' id='word_1_353' title='bbox 928 2340 1041 2374; x_wconf 83' lang='lat' dir='ltr'>antea</span> <span class='ocrx_word' id='word_1_354' title='bbox 1061 2335 1386 2384; x_wconf 83' lang='lat' dir='ltr'>constituimus‚**</span> <span class='ocrx_word' id='word_1_355' title='bbox 1414 2349 1554 2375; x_wconf 90' lang='lat' dir='ltr'>renun-</span> 
     </span>
    </p>
   </div>
   <div class='ocr_carea' id='block_1_3' title="bbox 249 2431 1254 2475">
    <p class='ocr_par' dir='ltr' id='par_1_6' title="bbox 249 2431 1254 2475">
     <span class='ocr_line' id='line_1_38' title="bbox 249 2431 1254 2475; baseline 0.002 -12"><span class='ocrx_word' id='word_1_356' title='bbox 249 2434 269 2464; x_wconf 66' lang='grc'><strong>9</strong></span> <span class='ocrx_word' id='word_1_357' title='bbox 296 2442 413 2465; x_wconf 82' lang='lat' dir='ltr'>sermo</span> <span class='ocrx_word' id='word_1_358' title='bbox 443 2432 495 2472; x_wconf 63' lang='grc' dir='ltr'>Μ]</span> <span class='ocrx_word' id='word_1_359' title='bbox 522 2431 597 2465; x_wconf 84' lang='lat' dir='ltr'>eius</span> <span class='ocrx_word' id='word_1_360' title='bbox 624 2432 682 2464; x_wconf 78' lang='lat' dir='ltr'>Ms</span> <span class='ocrx_word' id='word_1_361' title='bbox 731 2431 775 2464; x_wconf 72' lang='lat'>29</span> <span class='ocrx_word' id='word_1_362' title='bbox 801 2431 904 2474; x_wconf 82' lang='lat' dir='ltr'>quale</span> <span class='ocrx_word' id='word_1_363' title='bbox 929 2431 984 2475; x_wconf 68' lang='lat' dir='ltr'>Qr;</span> <span class='ocrx_word' id='word_1_364' title='bbox 1012 2431 1127 2474; x_wconf 87' lang='lat' dir='ltr'>qualis</span> <span class='ocrx_word' id='word_1_365' title='bbox 1156 2431 1195 2464; x_wconf 75' lang='lat' dir='ltr'>1a</span> <span class='ocrx_word' id='word_1_366' title='bbox 1215 2432 1254 2471; x_wconf 68' lang='lat'>(2²)</span> 
     </span>
    </p>
   </div>
  </div>
 </body>
</html>
