1834 2967
95 242 196 291 apud
238 240 532 279 Alexandrinos.
601 240 741 280 Dicunt
782 240 884 279 enim
928 241 1029 289 quod
1077 240 1254 290 reliquias
1303 241 1504 290 Hyeremie

97 300 281 350 prophete
318 299 516 338 adtulisset
544 300 761 338 Alexander
799 299 862 349 qui
898 298 1089 338 ciuitatem
1128 300 1340 338 construxit
1377 300 1504 349 ibique

95 371 160 397 eas
189 358 434 408 reposuisset.

202 418 332 467 Itaque
361 430 448 456 cum
478 417 720 456 uenissemus
755 416 796 455 in
831 418 998 455 eundem
1033 417 1178 463 locum,
1219 417 1415 455 neminem
1450 417 1503 455 in-

96 476 276 514 uenimus
310 475 384 515 nisi
421 477 545 515 solum
581 477 697 514 modo
738 478 837 514 tres*
875 489 996 515 cecos.
1054 477 1240 514 Meridies
1276 479 1376 514 em'm
1413 483 1508 515 erat.
1565 481 1588 515 ἴ)

95 534 340 574 Accessimus
383 541 510 574 autem
552 535 707 573 silenter
746 534 854 573 iuxta
895 547 961 573 eos
999 541 1033 573 et
1074 534 1280 580 sesdimus,
1322 535 1509 573 habentes
1527 543 1633 577 1392ν

95 594 298 633 nobiscum
329 594 478 633 codices
508 599 671 632 nostros.
730 593 904 642 Cumque
933 594 1182 642 loquerentur
1220 593 1297 632 ceci
1334 594 1432 632 inter
1471 607 1512 632 se

96 653 170 692 hoc
212 659 248 692 et
284 653 390 702 illud,
428 652 522 691 dixit
559 666 661 691 unus
689 653 736 690 ad
775 653 955 691 alterum:
994 652 1198 699 Quomodo
1235 658 1276 690 tu
1318 652 1511 703 perdidisti

96 712 254 751 lumen?
298 711 370 759 Qui
399 713 639 762 respondens
668 712 778 750 dixit:
807 712 992 750 Nauticus
1021 712 1073 749 fui
1102 711 1141 749 in
1171 711 1369 750 iuuentute
1407 725 1510 758 mea;

96 776 132 809 et
161 784 250 809 cum
278 771 570 821 nauigassemus
608 771 656 809 ab
685 770 849 817 Afrhca,
888 770 927 808 in
957 771 1090 821 pelago
1125 770 1187 810 illo
1228 770 1357 809 euenit
1394 771 1635 812 michiK134

95 831 204 868 dolor
239 830 449 868 oculorum.
508 830 553 868 Et
591 842 679 868 cum
716 842 795 868 non
834 829 1052 868 inuenirem
1090 830 1242 879 aliquod
1283 830 1509 876 remedium⁷

96 901 185 927 cum
214 901 387 927 essemus
428 888 466 926 in
506 889 652 939 pelago,
693 888 888 927 descendit
928 888 1066 936 albugo
1107 888 1147 926 in
1186 888 1303 926 oculis
1340 888 1436 927 meis
1474 894 1510 927 et

95 953 294 986 excecatus
325 961 423 987 sum.
457 971 495 976 —
527 948 629 986 Dixit
657 948 750 986 alter
779 949 826 986 ad
856 948 1039 986 alterum:
1075 948 1121 985 Et
1156 953 1195 986 tu
1225 949 1417 997 quomodo
1447 961 1510 986 ex-

94 1012 246 1045 cecatus
275 1010 344 1046 es‘?
387 1007 462 1054 Qui
491 1007 583 1045 dixit
611 1006 684 1046 eis:
715 1007 793 1056 Ego
814 1006 1015 1045 uitrearius
1044 1006 1096 1045 fui
1125 1012 1161 1045 et
1189 1020 1255 1056 pre
1275 1007 1395 1045 multa
1424 1007 1511 1045 cali-

93 1066 209 1104 ditate
237 1066 402 1104 fornacis
422 1071 650 1116 acceperunt
678 1066 965 1105 infirmitatem
986 1065 1084 1104 oculi
1112 1066 1188 1104 mei
1217 1071 1253 1104 et
1281 1066 1370 1104 inde
1389 1066 1511 1104 factus
1529 1073 1609 1106 T65

92 1137 182 1163 sum
202 1137 324 1163 cecus.
358 1146 404 1152 —
435 1125 622 1163 Dixerunt
650 1130 686 1163 et
713 1124 785 1174 ipsi
804 1125 937 1163 tercio:
967 1125 1036 1163 Dic
1065 1124 1177 1163 nobis
1197 1130 1231 1163 et
1249 1130 1302 1171 tuy
1318 1125 1510 1174 quomodo

93 1197 205 1223 cecus
234 1184 357 1222 factus
386 1197 439 1222 es.
482 1184 528 1222 Et
556 1184 752 1234 respondit
773 1183 788 1234 Η
808 1183 955 1223 dicens:
1000 1184 1111 1223 Certe
1139 1197 1209 1234 ego
1233 1183 1343 1222 uobis
1373 1184 1510 1223 dicam.
1529 1190 1635 1224 Ε152

92 1243 259 1290 Quando
288 1256 393 1282 eram
430 1243 593 1290 iuuenis,
630 1245 782 1281 exorrui
810 1243 976 1282 multum
1004 1243 1179 1281 laborare
1208 1248 1244 1281 et
1273 1243 1394 1282 factus
1424 1256 1510 1281 sum

94 1301 314 1340 luxuriosus
334 1301 462 1341 nimis.
504 1302 549 1340 Et
578 1315 666 1340 eum
695 1315 773 1340 non
794 1302 978 1340 haberem
1001 1302 1090 1351 quid
1110 1303 1399 1349 manducarem,
1429 1302 1511 1352 cepi

93 1361 211 1399 furari
242 1361 343 1411 quod
371 1367 555 1411 poteram.
1540 1364 1591 1400 20

204 1420 289 1459 Vna
317 1425 445 1459 autem
475 1420 636 1467 dierum,
665 1433 754 1458 cum
774 1419 850 1458 iam
879 1420 1001 1458 multa
1019 1420 1121 1458 mala
1141 1420 1330 1467 fecissem,
1360 1420 1510 1458 stabam

96 1479 201 1517 iuxta
231 1484 381 1529 portam
417 1492 490 1529 que
528 1479 663 1518 dicitur
701 1478 857 1529 tyranni
895 1485 932 1518 et
969 1478 1047 1517 uidi
1084 1480 1273 1517 adducere
1314 1484 1511 1517 mortuum

94 1540 289 1588 quendam
309 1538 486 1577 indutum
507 1539 678 1577 uestibus
697 1539 811 1576 ualde
830 1538 954 1577 bonis.
1013 1538 1175 1577 Secutus
1197 1551 1283 1577 sum
1313 1551 1405 1576 uero
1426 1543 1510 1588 post

92 1597 180 1636 villos
209 1603 251 1636 ut
279 1597 450 1636 uiderem
470 1597 536 1636 ubi
566 1598 769 1648 sepelirent
798 1610 898 1636 eum.
955 1597 1010 1635 Illi
1031 1602 1160 1636 autem
1182 1597 1381 1635 uenientes
1410 1602 1510 1635 retro

94 1656 294 1695 ecclesiam
323 1657 445 1695 sancti
467 1657 669 1703 Johannss,
699 1661 912 1707 posuerunt
938 1669 1026 1695 eum
1056 1656 1094 1694 in
1116 1661 1426 1694 monumentum;
1466 1656 1511 1694 Et

92 1715 302 1766 exspoliaui
348 1729 437 1754 eum
486 1716 550 1765 qui
598 1722 677 1755 erat
721 1715 899 1763 indutus,
944 1715 1138 1754 dimittens
1183 1728 1304 1753 unum
1350 1715 1512 1753 linteum

96 1775 234 1814 solum.
279 1775 376 1814 Cum
404 1779 533 1813 autem
562 1775 702 1814 uellem
721 1774 823 1813 exire
848 1789 870 1813 a
889 1780 1143 1813 monumento
1173 1779 1330 1824 portans
1359 1787 1512 1812 mecum

94 1834 216 1872 multa
244 1834 358 1881 bona,
396 1833 534 1872 iterum
564 1848 650 1872 mea
677 1834 778 1872 mala
808 1835 1044 1872 consuetudo
1078 1833 1129 1872 ait
1157 1833 1291 1872 michi:
1331 1833 1438 1872 Tolle
1476 1838 1511 1872 et

94 1893 256 1931 linteum
285 1893 365 1939 tibi,
395 1893 482 1942 quia
511 1893 700 1943 optimum
730 1898 796 1932 est.
849 1893 1043 1931 Reuersus
1079 1905 1171 1931 uero
1200 1906 1269 1942 ego
1298 1892 1441 1939 infelix,
1471 1898 1511 1931 ut

96 1951 201 1990 uolui
229 1964 317 1990 eum
347 1965 486 1990 exuere
514 1952 645 1998 linteo,
684 1951 822 1990 resedit
852 1957 986 1990 contra
1023 1965 1086 1990 me
1113 1957 1288 1990 mortuus
1318 1957 1354 1990 et
1383 1957 1511 1990 exten·
1541 1954 1592 1990 30

97 2012 193 2049 dens
235 2013 438 2060 utrasque*
479 2024 617 2049 manus
661 2010 913 2061 apprehendit
953 2024 1015 2049 me
1056 2015 1092 2049 et
1130 2010 1255 2060 digitis
1290 2010 1369 2049 suis
1405 2010 1511 2049 scidit

95 2075 216 2108 totam
245 2069 380 2108 faciem
408 2082 535 2108 meam
565 2075 600 2108 et
629 2069 769 2108 euulsit
797 2070 933 2108 ambos
969 2070 1098 2108 oculos
1126 2083 1245 2108 meos.
1302 2069 1414 2108 Tunc
1443 2082 1511 2120 ego

96 2128 337 2167 miserrimus
366 2128 587 2177 relinquens
617 2129 748 2166 omnia
786 2141 874 2167 cum
903 2142 1045 2178 magna
1072 2128 1317 2167 tribulatione
1352 2133 1387 2167 et
1417 2128 1511 2179 peri-

1541 1658 1563 1694 Ν.)

1567 1659 1589 1694 Q(

208 2288 222 2320 1
251 2286 404 2320 Jeremie
421 2287 475 2327 K;
502 2285 673 2320 hieremie
696 2287 732 2320 Ε
779 2287 799 2320 2
817 2285 867 2320 ibi
884 2287 955 2320 BT
1000 2286 1021 2320 3
1041 2286 1216 2330 posuisset
1241 2285 1303 2320 K¹
1351 2288 1372 2320 6
1391 2297 1511 2320 accen-

97 2341 222 2374 dentes
235 2339 312 2381 K¹;
340 2339 549 2374 accedentes
566 2341 600 2373 Ε
649 2341 668 2373 7
695 2351 732 2374 se
758 2340 1120 2383 hoc—respondens
1137 2339 1236 2383 dixit]
1263 2340 1322 2374 Tm
1371 2340 1393 2373 8
1418 2350 1511 2374 unus

97 2395 144 2427 B⁸
193 2394 214 2426 9
232 2392 416 2437 respondit
432 2393 507 2427 ΕΚ
557 2394 600 2427 10
617 2392 762 2436 Affrica]
780 2393 885 2428 ceteri
905 2393 944 2426 11
966 2393 1079 2437 dolor]
1095 2395 1134 2434 -l—
1152 2404 1253 2427 meus
1271 2394 1306 2426 Ε
1317 2392 1328 2412 ¹
1377 2393 1511 2436 aliquot

98 2448 135 2480 E
196 2448 238 2480 15
262 2446 347 2489 mei]
372 2451 410 2486 -4-
441 2445 686 2481 infirmitatem
716 2447 754 2480 K
817 2447 859 2480 16
886 2446 1063 2489 dixerunt]
1093 2449 1133 2487 —t—
1161 2457 1245 2489 ergo
1271 2447 1306 2480 Ε
1367 2447 1408 2480 17
1441 2446 1512 2489 Et1]

99 2511 153 2534 om
179 2501 253 2534 EK
308 2501 350 2534 18
377 2499 545 2534 exhorrui
571 2501 607 2533 E
660 2500 706 2543 et]
732 2500 882 2544 proinde
907 2501 984 2534 ΕΚ
1041 2501 1082 2533 19
1108 2499 1205 2544 quid]
1231 2500 1326 2544 quod
1384 2500 1428 2533 22
1455 2500 1512 2534 ad-

99 2552 179 2586 duci
204 2554 282 2587 EK
325 2553 372 2587 24
397 2563 458 2587 eos
483 2553 557 2586 ΕΚ
604 2553 648 2587 25
674 2553 774 2587 illum
800 2555 841 2587 K
897 2554 941 2587 26
967 2552 1040 2597 qui]
1065 2564 1134 2596 que
1160 2554 1231 2587 BT
1282 2552 1441 2596 indutus]
1470 2556 1508 2593 -l-

98 2605 260 2640 uestibus
285 2607 358 2640 EK
405 2605 600 2649 dimittens]
629 2609 667 2646 -†-
696 2605 728 2640 ei
755 2607 828 2640 EK
876 2606 920 2640 28
946 2606 1119 2649 consuet.]
1147 2608 1186 2647 —l—
1216 2617 1296 2640 mea
1322 2606 1397 2639 ΕΚ
