1834 2967
200 468 223 504 22¹(

175 763 223 800 10

176 1952 229 1988 30

183 2544 232 2581 40

813 107 1100 144 —1026—

251 230 418 279 dirigens
460 230 576 268 filiam
623 243 733 268 suam
777 229 933 268 draconi
970 230 1018 268 ad
1055 230 1331 267 deuorandum.
1389 229 1499 267 Tunc
1537 229 1663 267 omnis

250 290 414 339 populus
444 303 466 328 a
494 289 640 327 maiore
668 302 791 338 usque
820 290 866 327 ad
902 288 1092 326 minorem
1122 301 1335 326 conuersus
1363 293 1420 326 est
1456 289 1504 327 ad
1533 288 1662 326 uiden-

250 349 343 387 dum
372 348 539 398 puellam
569 361 642 397 que
671 348 894 397 portabatur
922 348 970 386 ad
1000 349 1218 386 draconem.

356 407 468 446 Tunc
504 407 606 446 Deus
641 407 886 457 omnipotens
925 406 1059 445 uolens
1095 419 1160 445 eos
1196 406 1344 445 saluare
1382 411 1418 444 et
1453 406 1500 444 ad
1537 405 1664 455 cogni-

250 466 395 505 tionem
425 465 485 504 sui
513 465 635 504 sancti
675 466 844 505 nominis
873 467 1093 516 perducere,
1129 465 1297 504 ostendit
1334 464 1388 503 eis
1425 464 1594 516 prodigia
1628 469 1666 503 et

251 525 361 575 signa
389 539 530 575 magna
558 539 625 576 per
654 525 920 564 beatissimum
949 525 1146 564 martirem
1176 538 1290 563 suum
1320 524 1538 574 Georgium.

356 585 514 623 Factum
545 590 602 623 est
630 591 758 623 autem
787 585 825 622 in
847 585 920 622 illis
949 584 1085 623 diebus
1114 589 1155 622 ut
1180 583 1429 622 Dioclitianus
1457 584 1665 634 imperator

251 643 456 682 dimitteret
484 644 693 683 exercitum
723 657 859 690 suum;
890 657 968 682 non
998 649 1127 682 autem
1147 644 1361 682 secundum
1391 656 1501 681 suam
1531 643 1666 681 uolun-

251 708 380 749 tatem,
412 704 478 741 sed
508 704 721 741 secundum
751 703 990 742 uoluntatem
1012 703 1091 741 Dei.
1149 703 1261 741 Tunc
1291 703 1472 740 inuentus
1502 707 1559 740 est
1587 715 1666 740 am-

250 762 435 800 mirabilis
452 767 488 800 et
501 762 797 812 gloriosissimus
818 761 1003 812 Georgius
1023 761 1062 800 in
1092 762 1155 800 illo
1183 762 1265 800 loco
1287 761 1351 800 ubi
1372 766 1451 799 erat
1481 761 1668 811 prephata

250 822 375 872 puella
403 822 509 859 iuxta
544 827 735 870 stagnum,
773 826 809 859 et
839 821 890 859 ibi
927 821 1070 859 morari
1110 822 1283 860 debebat.
1341 819 1500 859 Intrauit
1538 825 1667 858 autem

250 880 372 919 isdem
420 880 662 919 beatissimus
701 880 886 929 Georgius
925 893 1014 918 cum
1057 893 1155 929 equo
1196 893 1267 918 suo
1309 879 1348 918 in
1391 885 1581 929 stagnum,
1625 883 1668 917 ut

251 945 384 990 potum
413 939 446 978 ei
482 940 604 986 daret;
644 944 680 977 et
715 939 863 978 inuenit
905 940 1066 977 eandem
1114 939 1278 988 puellam
1323 940 1519 977 sedentem
1561 937 1668 976 iuxta

251 1004 432 1048 stagnum
460 1004 496 1036 et
525 999 751 1048 plorantem.
809 998 855 1037 Et
884 998 977 1036 dixit
1014 998 1048 1036 ei
1085 1003 1241 1037 sanctus
1271 997 1475 1047 Georgius:
1518 997 1666 1044 Mulier,

253 1059 343 1107 quid
371 1059 517 1096 habes?
557 1058 656 1105 Quid
685 1059 824 1108 ploras⁷
856 1058 945 1107 quia
973 1057 1083 1096 uideo
1111 1063 1147 1095 te
1167 1062 1314 1095 tantam
1343 1056 1668 1106 pulchritudinem

250 1117 393 1155 habere
423 1122 459 1155 et
488 1118 620 1155 sedere
649 1117 688 1155 in
718 1116 875 1166 indigno
895 1117 979 1155 loco
1008 1116 1106 1155 isto?
1161 1116 1207 1154 Et
1235 1115 1433 1166 respondit
1466 1115 1499 1154 ei
1525 1115 1667 1165 puella:

252 1176 428 1223 Domine,
467 1176 579 1214 uideo
614 1182 812 1226 aspectum
850 1181 959 1214 tuum
989 1176 1101 1214 ualde
1138 1176 1285 1214 bonum
1324 1180 1360 1214 et
1389 1174 1590 1225 optimum,
1633 1179 1670 1213 et

253 1248 370 1285 quare
409 1235 547 1273 uenisti
585 1235 710 1274 mori?
767 1236 917 1274 Recede
957 1234 1049 1273 hinc
1087 1234 1159 1273 cito
1198 1247 1287 1273 cum
1326 1247 1424 1283 equo
1462 1239 1540 1280 tuo,
1582 1234 1670 1283 fuge

253 1294 445 1333 uelociter.
476 1295 587 1333 Tunc
603 1300 759 1333 sanctus
775 1295 961 1344 Georgius
977 1293 1070 1333 dixit
1086 1293 1136 1332 ei:
1157 1294 1189 1332 Ο
1205 1293 1354 1340 mulier,
1385 1306 1458 1343 que
1480 1296 1546 1339 (1α
1565 1293 1670 1343 quis)

253 1366 294 1392 es
335 1357 403 1393 tu?
459 1354 504 1392 Et
544 1355 708 1404 populus
751 1353 822 1393 iste
865 1354 929 1403 qui
972 1353 1072 1392 circa
1113 1358 1150 1392 te
1192 1358 1266 1392 stat
1308 1358 1420 1403 teque
1461 1351 1669 1403 prospicit?

254 1412 491 1463 Rellspondit
529 1413 562 1451 ei
602 1414 743 1463 puella:
802 1412 977 1460 Domine,
1021 1413 1187 1451 multum
1225 1411 1354 1459 timeo⁷
1393 1425 1471 1450 non
1510 1424 1670 1462 possum

252 1485 411 1511 narrare
441 1472 526 1518 tibi;
557 1473 643 1522 fuge
663 1472 855 1520 uelociter,
886 1486 935 1511 ne
963 1473 1063 1510 male
1092 1472 1280 1510 moriaris.
1323 1471 1424 1510 Dicit
1452 1471 1484 1510 ei
1514 1475 1670 1510 sanctus

254 1531 456 1581 Georgius:
501 1532 532 1570 O
573 1531 722 1578 mulier,
766 1531 825 1570 dic
867 1531 985 1570 michi
1015 1531 1105 1581 quid
1139 1537 1196 1570 est
1229 1532 1329 1570 hoc?
1386 1531 1529 1569 Tecum
1567 1530 1671 1568 enim

254 1591 414 1637 moriar3
446 1605 524 1629 non
555 1591 744 1630 dimittam
772 1597 821 1638 te,
861 1592 982 1630 donec
1010 1591 1169 1629 liberem
1198 1596 1247 1629 te.
1304 1591 1414 1628 Tunc
1449 1590 1499 1628 ait
1527 1589 1670 1640 puella:

255 1651 419 1689 Domine
447 1651 514 1697 mi,
545 1650 617 1689 ista
637 1655 694 1689 est
722 1650 856 1689 ciuitas
877 1650 988 1697 Lisia,
1020 1663 1093 1699 que
1114 1656 1170 1688 est
1201 1650 1311 1688 ualde
1332 1650 1434 1688 bona
1463 1654 1499 1687 et
1528 1649 1671 1699 optima

255 1710 437 1759 omnique
467 1710 637 1748 bonitate
675 1711 827 1760 repleta.
887 1709 962 1748 Sed
991 1710 1108 1748 habet
1145 1709 1183 1747 in
1227 1722 1268 1748 se
1305 1722 1428 1747 unum
1457 1708 1671 1746 maximum

255 1770 367 1816 male,
397 1770 499 1818 quod
528 1774 682 1819 superat
711 1782 828 1808 omne
856 1769 923 1816 (1a
943 1769 1107 1810 omnem)
1144 1769 1301 1807 malum.
1360 1768 1459 1815 Quia
1495 1768 1531 1806 in
1573 1780 1673 1816 aqua

257 1828 327 1866 ista
356 1834 470 1867 natus
500 1834 556 1867 est
575 1830 689 1867 draco
720 1828 911 1879 pessimus
931 1828 1042 1867 ualde
1071 1828 1302 1874 teterrimus,
1334 1827 1396 1877 qui
1426 1840 1493 1877 per
1514 1839 1670 1865 omnem

256 1889 357 1926 diem
387 1888 514 1927 exibat
542 1890 589 1927 de
627 1901 727 1937 aqua
755 1888 827 1927 ista
855 1893 892 1926 et
929 1888 1125 1938 pugnabat
1163 1893 1297 1926 contra
1334 1887 1606 1938 imperatorem
1635 1891 1671 1924 et

257 1953 392 1986 contra
435 1961 591 1986 omnem
634 1948 817 1998 populum
854 1947 962 1986 istius
1006 1947 1168 1985 ciuitatis
1207 1952 1241 1985 et
1277 1946 1486 1985 deuorabat
1522 1958 1670 1984 omnes.

256 2007 369 2053 Quod
399 2020 486 2045 cum
508 2007 596 2045 talia
625 2012 827 2045 cernerent
846 2012 882 2045 et
912 2019 1026 2045 nemo
1048 2006 1080 2045 ei
1101 2012 1230 2056 posset
1260 2006 1449 2052 resistere,
1479 2005 1673 2043 irruerunt

257 2078 394 2104 omnes
421 2066 654 2105 unanimiter
675 2080 789 2117 super
804 2072 950 2116 patrem
972 2079 1101 2104 meum
1124 2065 1292 2104 dicentes
1321 2066 1372 2104 ei:
1401 2065 1433 2103 O
1454 2064 1672 2115 imperator,

259 2125 346 2174 quid
389 2125 574 2164 facimus?
629 2126 709 2164 Nos
753 2139 889 2164 omnes
931 2126 1029 2164 male
1070 2125 1240 2175 perimus
1284 2130 1320 2163 et
1361 2130 1400 2163 tu
1437 2137 1515 2163 non
1554 2124 1674 2162 habes

258 2197 390 2223 curam
420 2186 466 2224 de
494 2185 618 2224 nobis.
677 2186 786 2224 Tunc
816 2191 922 2235 pater
958 2197 1066 2223 meus
1096 2185 1262 2234 repletus
1304 2184 1438 2222 timore
1473 2197 1516 2222 ac
1545 2184 1674 2222 dolore

259 2243 352 2281 dixit
381 2244 451 2282 eis:
489 2244 633 2283 Demus
672 2258 808 2283 omnes
846 2245 942 2283 filios
982 2249 1136 2282 nostros
1172 2244 1329 2282 draconi
1364 2243 1402 2281 in
1442 2255 1675 2292 unoquoque

258 2302 318 2341 die
348 2316 468 2341 unum
496 2305 543 2342 de
571 2305 643 2342 illis
673 2305 720 2342 ad
740 2305 1053 2342 manducandum
1078 2303 1139 2352 qui
1162 2308 1274 2341 erunt
1303 2302 1373 2341 sibi
1394 2302 1674 2341 holocaustum.

258 2362 304 2399 Et
334 2363 520 2401 dederunt
538 2377 672 2401 omnes
694 2364 959 2412 unusquisque
990 2363 1085 2401 filios
1115 2375 1205 2400 suos
1236 2361 1390 2400 draconi
1412 2363 1458 2400 ad
1489 2362 1674 2400 deuoran-

260 2422 371 2469 dum3
402 2427 438 2461 et
467 2423 643 2472 completi
673 2428 763 2461 sunt
793 2436 930 2461 omnes,
970 2423 1083 2460 Modo
1114 2435 1202 2460 vero
1232 2435 1367 2460 omnes
1397 2420 1536 2471 pariter
1562 2433 1674 2459 uene-

260 2486 350 2520 runt
378 2483 425 2520 ad
455 2487 599 2531 patrem
637 2496 765 2520 meum
797 2482 966 2520 (licentes
995 2484 1029 2519 ei
1057 2495 1144 2519 cum
1181 2481 1307 2519 surore
1343 2494 1498 2530 magno:
1542 2480 1597 2518 Da
1639 2483 1675 2518 et

264 2545 300 2578 tu
332 2542 446 2579 modo
470 2541 584 2579 tiliam
608 2548 723 2587 tuam,
755 2542 842 2590 quia
873 2541 934 2579 filii
966 2541 1084 2579 nostri
1106 2554 1241 2579 omnes
1271 2540 1346 2578 iam
1376 2539 1551 2589 completi
1572 2543 1674 2577 sunt.

263 2600 306 2637 Et
338 2601 488 2639 tradidit
517 2614 579 2639 me
610 2606 714 2650 pater
744 2614 853 2638 meus
883 2601 1036 2639 unicam
1058 2600 1172 2638 filiam
1203 2613 1312 2638 suam
1334 2600 1379 2638 ad
1409 2599 1674 2638 deuorandum
