1834 2967
696 123 961 159 -75—

125 257 193 298 21.
234 256 308 298 De
343 255 590 298 sacrificio
621 268 891 310 puerorum
926 255 1009 310 qui
1043 256 1306 310 pascebant
1339 267 1534 310 pecora.

123 344 336 432 Narrauit
374 344 486 383 nobis
525 350 673 383 amator
711 344 850 383 Christi
892 344 1077 394 Georgius
1126 345 1308 382 Afrorum
1346 345 1535 394 prouintie

221 405 444 454 praefectus,
483 409 631 442 amator
667 404 951 442 monachorum
995 408 1030 441 et
1066 403 1222 441 dilector
1264 409 1299 441 et
1334 403 1372 441 in
1417 404 1536 442 omni-

126 463 199 500 bus
242 462 353 501 bonis
392 462 571 512 operibus
601 475 752 512 semper
786 463 969 511 gaudens,
1001 461 1185 510 quoniam
1213 475 1251 499 in
1283 462 1474 511 prouintia
1494 475 1538 501 ea

126 522 248 560 fuerat
278 521 433 571 quidam
466 534 512 559 ex
548 521 719 571 partibus
761 520 921 571 Apamie
957 521 1124 558 secunde
1154 520 1260 569 Syrie
1301 520 1392 558 uilla
1430 521 1538 570 quasi
1595 524 1617 559 5

125 581 279 619 milibus
301 580 551 630 quadraginta
569 581 681 629 longe
701 594 723 618 a
742 579 905 626 ciuitate,
928 579 989 617 cui
1007 579 1243 617 uocabulum
1261 584 1318 617 est
1338 580 1538 629 Gonagon.

126 640 272 678 Ibidem
307 644 436 677 autem
473 638 579 677 iuxta
615 643 790 677 montem
828 643 885 676 est
915 638 1024 687 quasi
1053 637 1271 677 ,miliarium
1309 651 1434 676 unum
1475 639 1541 677 ubi

127 699 234 749 pueri
265 699 473 748 pascebant
502 710 650 748 pecora.
707 698 752 736 Et
789 697 886 736 sicut
913 710 999 736 mos
1029 702 1086 735 est
1115 696 1268 747 diligere
1306 710 1347 735 se
1375 697 1542 736 inuicem

127 763 163 797 et
191 759 321 796 ludere
340 757 439 795 inter
459 769 512 802 se,
543 757 709 806 quadam
724 756 795 804 die,
818 755 832 806 Η
854 769 943 794 cum
970 759 1065 794 satis
1085 756 1267 794 lusissent
1287 756 1421 806 puerili
1440 757 1540 803 lusu,
1560 763 1581 796 S
1595 764 1636 796 77

127 817 306 855 dixerunt
347 817 394 854 ad
431 815 616 854 inuicem:
660 815 795 854 Venite
831 815 1015 854 faciamus
1051 815 1222 865 Synaxin
1262 821 1299 853 et
1336 816 1540 854 offeramus
1574 819 1622 854 10

129 876 361 914 oblationem
391 880 427 913 et
463 874 807 921 communicemus,
837 874 935 913 sicut
963 874 1050 913 facit
1089 874 1274 924 presbiter
1303 875 1342 912 in
1372 875 1540 913 ecclesia.

128 935 275 973 Placuit
291 935 364 973 hoc
385 934 578 974 omnibus.
609 934 654 972 Et
671 934 867 984 elegerunt
885 947 1011 972 unum
1030 946 1076 972 ex
1097 933 1150 972 eis
1170 938 1212 971 ut
1232 933 1488 984 presbiterum
1507 939 1543 972 et

128 994 222 1033 alios
242 991 257 1044 ΙΙ
278 993 315 1031 in
347 993 480 1031 ordine
509 992 771 1031 diaconorum.
814 992 859 1030 Et
879 991 1081 1030 uenientes
1102 993 1150 1030 ad
1169 994 1355 1042 quendam
1375 992 1542 1042 lapidem
1559 999 1685 1033 K143v

128 1066 316 1103 magnum
330 1058 365 1091 et
385 1053 557 1103 planum,
577 1064 700 1102 *super
721 1052 830 1089 illum
849 1056 1063 1101 posuerunt
1086 1064 1227 1101 panem
1253 1051 1290 1089 in
1312 1051 1396 1090 uice
1417 1051 1544 1090 altaris

131 1118 166 1151 et
196 1112 233 1150 in
254 1112 413 1150 uasculo
443 1116 608 1149 testaceo
627 1110 817 1149 miserunt
844 1110 993 1149 uinum.
1041 1110 1087 1148 Et
1117 1115 1304 1149 steterunt
1324 1116 1412 1148 ante
1440 1110 1544 1157 illud,
1578 1113 1624 1150 15

130 1185 233 1210 unus
254 1177 342 1209 ante
371 1176 413 1208 ut
442 1170 640 1220 presbiter,
662 1170 723 1208 alii
744 1170 819 1207 duo
834 1174 934 1208 retro
954 1174 996 1207 ut
1016 1169 1165 1207 diaconi
1185 1169 1277 1207 hinc
1296 1174 1333 1207 et
1352 1169 1452 1208 inde.
1483 1169 1546 1208 Ille

133 1236 262 1269 autem
290 1235 332 1268 ut
360 1229 545 1280 presbiter
566 1229 714 1267 dicebat
734 1242 829 1278 quas
850 1228 993 1266 sciebat
1022 1228 1068 1266 de
1088 1227 1341 1275 orationibus,
1372 1228 1434 1266 alii
1453 1241 1546 1266 uero

134 1295 176 1328 ut
205 1289 355 1327 diaconi
384 1302 473 1327 cum
502 1288 665 1327 fasciolis
696 1301 769 1337 que
796 1288 993 1326 habebant
1020 1286 1244 1337 ripizabant.

239 1349 421 1387 Inventus
451 1352 508 1386 est
543 1352 674 1385 autem
702 1347 762 1385 ille
801 1359 916 1396 quem
944 1346 1200 1396 presbiterum
1228 1347 1421 1397 elegerant
1451 1346 1547 1385 scire

134 1421 179 1447 ea
208 1421 281 1458 que
310 1407 348 1446 in
370 1420 480 1446 sacra
507 1407 628 1445 missa
647 1407 838 1453 dicuntur,
869 1405 1053 1456 quoniam
1072 1405 1152 1456 ipse
1180 1411 1216 1444 et
1246 1407 1322 1444 duo
1343 1406 1405 1444 alii
1425 1406 1545 1456 pueri,
1577 1408 1628 1445 ΞΟ

134 1481 223 1506 cum
252 1467 380 1517 sepius
410 1466 511 1504 irent
538 1467 585 1504 ad
624 1465 822 1504 ecclesiam
851 1478 940 1503 cum
969 1465 1071 1503 suis*
1112 1465 1337 1514 parentibus
1377 1470 1413 1503 et
1451 1465 1549 1503 soliti

134 1532 262 1565 essent
291 1531 391 1564 stare
420 1531 507 1564 ante
537 1524 628 1563 alios
648 1538 789 1575 pueros
817 1524 856 1562 in
887 1524 1004 1563 sacris
1025 1523 1370 1574 sollempnitatibus
1391 1529 1427 1562 et
1447 1537 1550 1562 com-

133 1585 362 1624 munionem
391 1598 480 1623 eum
517 1583 663 1623 clericis
702 1584 874 1634 accipere
908 1589 944 1622 et
972 1583 1143 1634 inpalam
1183 1583 1375 1622 orationes
1413 1583 1548 1630 dicere,

135 1645 232 1684 sicut
273 1657 359 1683 mos
394 1649 450 1682 est
484 1643 523 1681 in
555 1643 786 1693 quibusdam
821 1642 1000 1689 ecclesiis,
1039 1642 1187 1680 inuenti
1229 1647 1319 1680 sunt
1339 1640 1354 1692 ΙΙ
1375 1642 1663 1682 didicisseElssl

136 1703 339 1749 orationes,
369 1708 559 1752 quantum
587 1702 641 1740 eis
670 1707 751 1740 etas
780 1701 1034 1752 permittebat.
1579 1703 1628 1740 ⁶25

241 1763 371 1812 Itaque
412 1775 502 1800 cum
540 1762 786 1812 conplessent
827 1761 958 1799 omnia
1001 1761 1216 1799 secundum
1257 1759 1552 1798 ecclesiasticam

137 1821 468 1868 consuetudinem,
507 1826 718 1870 antequam
746 1833 865 1870 panes
902 1820 1135 1869 frangerent,
1176 1824 1386 1868 antequam
1415 1831 1461 1857 ex
1497 1819 1550 1857 eis

137 1880 274 1930 aliquis
304 1880 617 1926 communicaret,
655 1880 755 1929 ignis
796 1880 843 1917 de
880 1880 961 1917 celo
990 1879 1227 1917 descendens
1267 1877 1425 1916 omnino
1463 1891 1550 1916 con-

139 1939 303 1989 sumpsit
341 1938 469 1977 omnia
508 1952 582 1988 que
619 1937 814 1989 apposita*
843 1938 1006 1984 fuerant,
1042 1937 1094 1975 ita
1127 1942 1170 1975 ut
1204 1949 1330 1986 neque
1365 1938 1411 1975 de
1445 1942 1552 1987 petra

139 2012 265 2048 neque
294 1999 340 2036 de
359 1997 419 2036 his
441 2010 515 2047 que
535 1997 708 2047 apposita
736 1997 888 2035 fuerant
916 1996 1070 2045 aliquod
1103 1995 1258 2045 signum
1283 1996 1346 2034 uel
1364 1996 1552 2034 memoria
1580 1997 1631 2035 30

140 2062 352 2109 appareret.
409 2057 493 2095 Hoc
512 2062 642 2094 autem
670 2061 713 2094 ut
731 2055 913 2094 uiderunt
941 2054 1062 2105 pueri,
1092 2067 1159 2104 pre
1179 2054 1315 2092 timore
1342 2054 1382 2092 in
1411 2059 1553 2093 terram

140 2118 320 2156 cadentes
349 2115 435 2154 facti
464 2120 557 2153 sunt
585 2115 690 2153 uelut
718 2114 860 2154 mortui
895 2119 932 2152 et
961 2126 1086 2163 neque
1114 2126 1252 2152 uocem
1289 2113 1461 2153 emittere
1489 2119 1553 2152 aut

141 2190 182 2216 se
212 2190 234 2214 a
263 2181 365 2213 terra
393 2173 537 2224 erigere
566 2175 786 2213 nullatenus
817 2178 1003 2224 poterant.

249 2234 348 2273 Cum
388 2246 482 2272 uero
518 2247 597 2272 non
638 2233 806 2272 redirent
843 2234 891 2272 ad
928 2232 1062 2271 uillam
1098 2232 1195 2270 hora
1229 2231 1448 2279 constituta,
1487 2233 1554 2271 sed

141 2293 351 2334 tremefacti
380 2292 546 2331 iacerent
573 2292 612 2330 in
641 2298 755 2339 terra,
793 2296 970 2342 parentes
1006 2303 1140 2330 eorum
1169 2290 1344 2330 exierunt
1382 2293 1428 2330 de
1464 2291 1554 2330 ujlla
1583 2293 1633 2329 35

250 2453 270 2486 Ξ).
298 2451 446 2486 Georius
471 2451 514 2485 K
557 2452 579 2485 5
605 2450 733 2493 fuerat]
757 2452 796 2491 -l-
818 2452 938 2484 autem
958 2447 1004 2482 S¹
1054 2449 1075 2482 6
1101 2458 1173 2491 gon
1199 2457 1291 2490 agon
1310 2446 1386 2480 ΕΚ
1436 2445 1479 2477 10
1503 2453 1555 2486 sy-

142 2505 266 2540 naxim
293 2506 334 2540 K
381 2505 422 2539 12
449 2504 551 2548 plac-l
581 2505 621 2544 -{—
649 2506 769 2537 autem
794 2502 876 2538 ΕΚ
929 2502 971 2536 13
998 2500 1096 2543 alios]
1121 2502 1160 2542 -l-
1180 2500 1271 2534 duos
1288 2499 1369 2534 EK
1413 2496 1555 2531 uenien—

141 2559 209 2602 tes]
250 2569 304 2592 om
347 2560 375 2592 S
458 2557 501 2591 14
537 2560 736 2600 posuerunt
773 2566 879 2599 super
916 2556 995 2590 EK
1078 2555 1120 2588 16
1153 2553 1224 2596 alii]
1271 2554 1310 2593 -l-
1349 2561 1436 2585 uero
1480 2549 1559 2584 E'K

147 2613 190 2646 19
216 2612 278 2654 est]
307 2623 360 2645 om
386 2612 414 2645 S
460 2611 505 2645 20
531 2613 565 2644 et
590 2609 665 2654 ipse
690 2610 770 2644 ΕΚ
815 2609 859 2643 22
886 2608 1079 2650 commun.]
1111 2609 1150 2647 -l-
1177 2606 1338 2650 accipere
1363 2605 1403 2639 E
