1834 2967
674 117 937 153 *61—

207 240 272 278 Ille
302 253 392 278 uero
421 240 565 278 fortiter
595 238 793 290 suspirans
822 240 989 278 tundens
1027 244 1158 290 pectus
1196 252 1309 278 suurn
1342 240 1508 278 lacrimis

100 299 276 348 perfusus
306 304 362 337 est
391 312 479 337 cum
507 298 638 337 multis
668 298 872 348 gemitibus
911 304 944 336 et
972 311 1019 337 ex
1045 300 1167 337 multa
1203 300 1447 337 tribulatione
1475 305 1509 337 et

100 358 395 397 conturbatione
424 358 549 396 cordis
588 371 703 407 quam
740 358 919 404 habebat,
960 370 1032 395 nec
1069 370 1204 396 uocem
1241 357 1401 396 liberam
1439 371 1509 396 nec

99 417 263 455 uerbum
284 417 456 456 emittere
475 421 635 467 poterat.
684 417 763 466 Ego
783 421 911 454 autem
932 415 1009 454 uidi
1030 429 1118 454 eum
1146 416 1186 454 in
1215 421 1320 455 tanta
1339 417 1509 455 mesticia

98 477 349 514 constitutum
393 481 428 514 et
464 474 729 514 inconsolabili
768 474 924 513 tristicia
966 474 1242 525 precipitatum,
1286 475 1349 524 qui
1385 489 1509 525 neque
1564 480 1587 515 ἴ)

99 535 290 584 propriam
312 533 700 584 condempnationem
717 533 840 572 dicere
860 532 875 584 ΙΙ
896 539 1055 584 poterat⁷
1072 533 1148 572 dixi
1169 534 1218 573 ei:
1241 533 1323 581 Fili,
1343 535 1432 573 audi
1446 548 1509 573 me
1525 541 1628 575 B93v

98 598 135 631 et
163 594 359 643 paululum
389 593 576 643 restringe
612 592 887 631 conscientiam
925 598 1031 631 tuam
1070 598 1105 631 et
1134 598 1170 631 te
1208 593 1334 643 ipsum
1372 599 1408 631 et
1449 593 1508 632 dic

99 665 168 702 pro
198 665 273 701 quo
302 651 480 701 affligitur
509 657 659 690 tantum
690 664 755 690 cor
773 657 810 690 et
830 651 959 690 anima
980 657 1044 690 tua
1064 658 1100 690 et
1133 652 1250 690 habet
1277 657 1313 691 te
1333 652 1507 691 Christus

96 711 200 749 Deus
228 716 358 749 noster
388 711 582 749 adiuuare.
626 709 700 757 Qui
721 710 824 749 enim
845 716 999 760 propter
1018 710 1249 750 ineffabilem
1279 710 1412 749 suam*
1433 711 1507 761 pie-

97 775 213 808 tatem
257 776 292 808 et
327 769 628 808 innumerabiles
666 769 933 808 miserationes
972 770 1102 808 omnia
1139 775 1292 820 propter
1332 775 1506 808 nostram
1538 772 1586 809 10

94 829 257 867 salutem
286 828 477 875 sustinuit,
509 842 597 866 cum
617 828 831 878 publicanis
852 834 1103 867 conuersatus
1124 834 1180 867 est
1209 834 1246 867 et
1274 829 1504 867 fornicantes

96 901 174 926 non
214 887 411 926 exhorruit
439 888 705 936 latronemque
739 886 880 937 recepit
915 892 952 926 et
980 888 1126 927 amicus
1161 893 1405 938 peccatorum
1442 902 1505 938 ap-

95 947 257 997 pellatus
287 952 360 994 est3
390 946 471 997 ipse
500 952 536 985 et
563 952 612 993 te,
642 947 706 993 fili,
735 946 890 997 recipiet
918 947 1153 997 penitentem
1183 952 1219 985 et
1248 952 1505 986 reuertentem

94 1012 128 1044 et
156 1006 319 1056 propriis
349 1006 472 1044 ulnis*
492 1005 810 1056 amffiplexabitur.
867 1005 955 1044 Non
984 1006 1088 1044 enim
1117 1007 1198 1045 uult
1227 1012 1392 1045 mortem
1421 1019 1506 1056 pee—
1523 1014 1630 1049 E153

92 1065 244 1113 catoris,
273 1066 339 1104 sed
368 1071 410 1103 ut
439 1070 684 1104 conuertatur
713 1070 748 1103 et
777 1065 894 1104 uiuat.
1537 1069 1584 1107 15

199 1125 309 1162 Tunc
337 1123 617 1173 aliquantulum
638 1125 856 1163 consolatus
886 1129 922 1162 et
951 1123 1015 1162 uix
1044 1124 1213 1163 retinens
1235 1138 1275 1163 se
1294 1138 1316 1163 a
1345 1125 1448 1163 luctu
1469 1130 1505 1163 et

93 1183 260 1222 lacrimis
290 1183 383 1222 dixit
411 1183 546 1222 michi:
576 1183 666 1233 Ego,
697 1184 838 1222 domne
867 1184 978 1230 abba,
1009 1183 1073 1233 qui
1102 1184 1208 1222 omni
1233 1189 1388 1233 peccato
1417 1197 1504 1222 sum

93 1243 272 1292 repletus,
302 1242 482 1293 indignus
511 1243 591 1281 celo
611 1247 647 1281 et
676 1248 789 1289 terra,
819 1248 908 1281 ante
935 1243 1008 1281 hos
1029 1243 1124 1281 duos
1145 1242 1224 1281 dies
1245 1243 1373 1281 audiui
1402 1244 1504 1292 quod

95 1301 293 1340 cuiusdam
322 1302 493 1351 primarii
520 1301 682 1340 ciuitatis
703 1301 717 1352 ΙΙ
738 1301 853 1340 huius
874 1301 888 1351 ΙΙ
910 1302 984 1340 filia
1004 1301 1111 1352 uirgo
1140 1302 1319 1341 defuncta
1348 1308 1448 1341 esset
1468 1286 1627 1360 θῑξξῗῇν

93 1361 242 1410 sepulta
279 1373 367 1399 cum
409 1359 699 1411 preciosissimis
742 1360 977 1399 indumentis
1020 1360 1059 1399 in
1099 1362 1265 1410 quodam
1300 1361 1503 1412 sepulchro
1532 1372 1583 1408 20

94 1424 201 1458 extra
242 1420 445 1458 ciuitatem.
503 1420 614 1467 Quod
657 1426 698 1458 ut
735 1419 863 1458 audiui
892 1424 929 1458 et
966 1420 1285 1459 consuetudinem
1319 1421 1503 1459 haberem

93 1478 133 1516 in
162 1479 383 1517 huiusmodi
410 1478 530 1526 factis,
570 1478 719 1529 perrexi
758 1478 881 1517 noctis
910 1484 1082 1530 tempore
1119 1481 1166 1518 ad
1204 1485 1502 1518 monumentum

94 1543 131 1576 et
159 1538 308 1576 intrans
338 1538 419 1588 cepi
447 1538 658 1588 exspoliare
687 1551 775 1576 cum
805 1538 986 1577 omnibus
1016 1551 1089 1588 que
1109 1543 1188 1577 erat
1217 1539 1361 1585 induta,
1391 1539 1442 1577 ita
1463 1544 1503 1577 ut

94 1610 218 1647 neque
247 1597 327 1636 eius
349 1596 363 1648 ΙΙ
384 1597 517 1636 ultimo
546 1597 772 1636 indumento
801 1611 1010 1648 parcerem,
1040 1599 1107 1636 sed
1136 1598 1249 1636 etiam
1270 1598 1361 1636 illud
1390 1599 1438 1636 ab
1459 1606 1614 1639 eaS'le

93 1656 245 1703 abstuli,
276 1657 419 1694 nudam
449 1669 533 1695 eam
563 1656 771 1704 dimittens,
800 1656 898 1695 sicut
927 1662 1017 1695 nata
1044 1657 1177 1696 fuerat.
1422 1663 1424 1666 ’
1531 1661 1579 1697 25

201 1716 299 1754 Cum
328 1721 457 1754 autem
493 1716 630 1754 uellem
666 1729 711 1754 ex
740 1721 995 1754 monumento
1030 1721 1209 1754 oneratus
1244 1716 1354 1754 ualde
1391 1716 1503 1755 bonis

93 1774 328 1813 indumentis
349 1774 464 1821 exire,
493 1774 632 1813 resedit
661 1779 749 1813 ante
767 1788 831 1813 me
860 1775 984 1825 puella
1011 1781 1048 1813 et
1067 1776 1279 1813 extendens
1308 1774 1503 1814 sinistram

94 1846 254 1872 manum
285 1846 395 1872 suam
424 1834 676 1884 apprehendit
713 1835 910 1872 dexteram
948 1847 1072 1873 meam
1104 1833 1272 1883 dixitque
1308 1834 1441 1873 michi:
1471 1834 1503 1873 O

92 1893 223 1939 homo,
254 1892 307 1930 sic
327 1892 414 1931 tibi*
434 1893 574 1943 placuit
594 1893 789 1931 denudare
818 1906 892 1931 me.
931 1893 1058 1940 Quare
1078 1906 1155 1931 non
1178 1892 1335 1931 timuisti
1355 1894 1503 1932 Deum?

91 1951 288 2001 Numquid
318 1965 398 1989 non
427 1952 609 1990 formidas
638 1951 820 1989 iudicium
848 1957 1011 1990 uenture
1040 1951 1331 1990 retribucionis?
1385 1952 1503 1990 Num·
1531 1957 1583 1993 30

93 2010 183 2060 quid
213 2010 317 2048 uelut
345 2015 495 2049 mortue
524 2023 602 2048 non
632 2010 799 2060 oportuit
827 2016 863 2048 te
891 2010 1090 2049 misereri?
1145 2011 1273 2058 Quare
1301 2024 1380 2049 non
1400 2024 1504 2049 com-

94 2082 254 2108 munem
283 2069 469 2108 erubuisti
498 2073 701 2108 naturam?
757 2070 884 2116 Quare
905 2082 992 2108 cum
1022 2069 1074 2108 sis
1094 2070 1338 2117 christianus,
1369 2069 1423 2109 sic
1442 2083 1504 2109 me

92 2128 294 2167 decreuisti
323 2134 447 2166 astare
467 2129 611 2167 nudam
633 2133 720 2167 ante
750 2129 916 2167 tribunal
937 2129 1078 2167 Christi
1098 2142 1222 2179 neque
1242 2127 1256 2179 ΙΙ
1276 2129 1503 2168 muliebrem
1518 2138 1598 2171 [394

201 2243 221 2276 2
249 2245 301 2276 est
327 2242 420 2284 cum]
449 2245 482 2276 et
507 2253 550 2276 ex
568 2253 615 2276 m.
635 2253 727 2285 gem.
746 2254 825 2277 cum
846 2246 939 2277 cont.
958 2244 1033 2277 ΕΚ
1079 2243 1101 2277 4
1126 2246 1166 2277 ut
1190 2243 1265 2277 uidi
1290 2245 1366 2277 EK
1411 2244 1432 2277 ὅ
1459 2244 1504 2287 et]

97 2298 136 2336 -ἱ-
165 2295 201 2329 in
227 2296 300 2329 ΕΚ
348 2296 370 2329 8
396 2295 469 2338 cor]
497 2297 536 2336 -ἱ-
564 2298 668 2330 tuum
694 2297 769 2330 EK
814 2296 861 2339 te]
887 2307 941 2329 om
966 2297 1042 2330 ΕΚ
1093 2298 1113 2330 9
1139 2297 1271 2340 noster]
1305 2308 1406 2331 meus
1432 2298 1508 2331 ΕΚ

93 2348 277 2391 adiuuare]
303 2348 496 2382 concedere
521 2348 586 2382 tibi
603 2349 776 2383 auxilium
803 2360 909 2383 suum
927 2350 1003 2383 ΕΚ
1048 2349 1145 2384 enim
1175 2351 1221 2384 Τς
1274 2350 1317 2383 14
1336 2350 1433 2384 enim
1457 2351 1502 2384 Ts

93 2405 245 2436 mortem
272 2403 336 2435 Km
414 2402 454 2435 18
489 2401 575 2445 dies]
609 2402 709 2436 diues
740 2401 793 2437 E1
868 2403 910 2436 19
945 2405 1036 2437 esset
1070 2404 1120 2437 ΒΥ
1189 2404 1235 2436 20
1268 2403 1430 2446 sepulcro
1466 2404 1506 2436 Κ

94 2455 139 2488 26
164 2454 307 2497 uellem]
336 2457 374 2494 -ξ-
403 2454 498 2489 exire
523 2455 600 2489 ΕΚ
652 2455 707 2498 ex]
731 2455 775 2489 de
800 2456 879 2489 ΕΚ
929 2456 973 2489 27
999 2455 1182 2490 sinistram
1207 2457 1260 2490 Ks
1312 2457 1356 2489 529
1382 2456 1503 2499 quare]

94 2518 158 2551 pro
190 2519 260 2551 quo
291 2508 371 2542 ΕΚ
427 2509 473 2541 30
503 2518 576 2541 non
602 2509 651 2542 Β8
709 2509 750 2542 31
779 2508 890 2552 uelut]
917 2519 989 2543 non
1014 2512 1054 2543 ut
1079 2510 1156 2544 ΕΚ
1214 2512 1249 2543 te
1279 2510 1324 2542 Ts
1398 2509 1504 2543 mise-

93 2560 175 2604 reri]
203 2563 242 2601 -ὶ-
272 2560 377 2594 michi
414 2561 493 2595 ΕΚ
562 2561 605 2594 32
641 2561 818 2605 naturam]
847 2564 886 2603 —†-
915 2562 1090 2606 numquid
1125 2582 1169 2587 —
1204 2565 1238 2596 te
1273 2562 1395 2606 genuit
1429 2563 1507 2597 ΕΚ

92 2614 195 2647 addit
219 2614 290 2654 Ιιὶες
317 2613 368 2647 sic
393 2613 462 2657 me]
491 2616 529 2655 —l-
558 2614 692 2648 nudam
718 2615 793 2649 ΕΚ
