1834 2967
698 155 962 192 ,21-

124 280 220 318 fecit.
278 281 363 327 Qua
406 280 556 330 expleta
593 279 759 317 surrexit
799 283 835 316 et
875 278 1023 327 palmas
1067 278 1115 315 ad
1153 277 1277 315 celum
1316 279 1538 327 expandens

125 338 234 376 dixit:
274 338 422 377 Gratias
465 338 531 376 tibi
571 350 656 388 ago,
699 337 917 376 dominator
958 349 1069 374 meus
1110 336 1222 374 Ihesu
1265 336 1427 383 Christe,
1475 336 1539 386 qui

125 397 280 436 saluasti
319 398 490 436 animam
531 410 681 444 meam;
724 401 760 434 et
802 408 907 433 nunc
945 407 1076 445 queSO,
1120 408 1169 433 ne
1207 395 1448 444 derelinquas
1477 408 1539 434 me

125 469 248 505 usque
277 456 316 494 in
346 456 462 494 finem
491 470 609 505 neque
636 461 788 493 auertas
818 454 953 493 faciem
981 459 1087 492 tuam
1116 468 1139 492 a
1166 467 1239 492 me.

235 515 317 553 Hec
345 520 381 553 et
419 515 480 553 his
521 514 658 553 similia
695 527 783 552 cum
821 518 980 560 orasset,
1022 515 1255 551 oratione
1297 515 1537 561 completa

125 574 232 612 uenit
259 575 307 612 ad
333 572 510 612 Abramic'
539 574 710 611 domurn.
768 572 943 621 Cumque
970 571 1164 610 introisset
1192 572 1300 609 uultu
1328 570 1369 609 in
1397 577 1539 610 terram

126 633 298 680 dimisso,
341 632 393 671 ait
430 633 478 671 ad
517 645 605 670 eum
634 631 861 670 Abramius:
905 631 1068 669 Domine
1097 631 1311 677 Theodore,
1354 629 1419 668 ubi
1462 633 1538 669 est*

125 705 230 730 nunc
260 692 370 730 nauis
391 695 480 729 tua?
519 691 588 729 Cui
608 693 678 728 ait
707 690 953 729 Theodorus:
983 690 1025 728 In
1047 694 1159 740 portu
1179 691 1271 735 est,*
1300 689 1455 728 domine
1473 690 1538 736 mi,

125 751 189 789 ubi
210 750 365 789 solitum
384 751 575 788 habemus
596 755 708 788 stare.
752 750 799 787 Et
818 748 1044 788 Abramius:
1075 749 1254 787 Continet
1281 752 1346 787 se‘?
1373 747 1539 786 Necesse

125 815 183 848 est
211 808 353 858 aliquid
382 809 420 846 in
451 812 519 847 ea?
574 808 639 847 Ait
667 811 724 847 ei:
765 808 944 847 Continet
982 820 1035 855 se,
1074 807 1228 846 domine
1257 806 1326 854 mir
1358 811 1395 846 et
1423 806 1539 845 nichil
1571 807 1617 844 10

125 870 230 907 deest
258 871 304 918 ei,
333 870 437 918 quia,
466 869 620 917 quando
641 866 952 918 periclitauimus,
981 873 1074 905 tunc
1093 880 1177 905 eam
1206 865 1482 905 renouauimus
1504 871 1540 904 et

124 928 164 966 in
194 927 276 977 ipsa
314 926 494 965 uenimus
536 940 656 976 usque
692 927 779 965 huc.
838 926 940 964 Dixit
981 932 1132 964 autem
1174 925 1398 964 Abramius:
1440 926 1539 963 Ecce

124 986 245 1025 habes
274 999 297 1024 a
324 999 387 1024 me
416 985 507 1024 alias
535 985 653 1024 libras
683 985 981 1035 quinquaginta*
1010 985 1110 1032 auri3
1141 985 1267 1035 accipe
1296 998 1360 1023 eas
1390 990 1426 1022 et
1455 997 1538 1022 eme

131 1045 232 1095 quod
260 1044 331 1083 tibi
360 1058 517 1083 necesse
537 1050 607 1092 est,
637 1049 672 1083 et
703 1044 762 1083 exi
791 1045 830 1082 in
858 1049 986 1095 partes
1017 1043 1131 1092 Sirie3
1162 1049 1199 1082 et
1227 1056 1338 1093 spero
1358 1043 1398 1081 in
1418 1043 1538 1082 Deum

127 1104 216 1153 quia
245 1104 448 1142 ostendere
476 1103 543 1142 tibi
571 1105 704 1142 habet
733 1103 1034 1142 misericordiam
1065 1116 1187 1142 suam.
1572 1103 1618 1140 lo

230 1163 422 1202 Continuo
452 1169 608 1202 autem
636 1162 766 1201 eduxit
780 1163 988 1201 Abramius
1019 1163 1111 1201 alias
1139 1163 1256 1201 libras
1286 1162 1411 1200 auri**
1431 1161 1537 1210 quin-

123 1222 306 1272 quaginta
334 1227 370 1261 et
399 1227 592 1261 uenerunt
620 1225 820 1273 utrique
848 1223 895 1261 ad
926 1227 1089 1272 quatuor
1118 1222 1357 1271 columpnas.
1413 1221 1460 1259 Et
1488 1220 1539 1259 ait

122 1281 331 1320 Abramius
360 1281 584 1320 Theodoro:
614 1281 712 1320 Ecce
740 1286 829 1319 ante
858 1286 1108 1331 conspectum
1136 1279 1395 1330 antiphonitin
1415 1280 1469 1318 tui
1490 1281 1538 1319 do

123 1340 190 1378 tibi
219 1345 256 1379 et
283 1341 357 1378 hoc
386 1353 536 1379 aurum.
572 1340 712 1390 Accipe
741 1345 778 1379 et
806 1341 904 1379 uade
932 1340 970 1378 in
1001 1353 1105 1390 pace.
1149 1340 1196 1378 Et
1217 1353 1305 1378 cum
1324 1339 1540 1378 tradidisset

123 1399 330 1437 Abramius
351 1412 488 1437 aurum
508 1398 547 1437 in
568 1399 794 1438 manibus**
809 1399 1016 1445 Theodori,
1046 1412 1224 1437 reuersus
1245 1403 1301 1437 est
1320 1398 1359 1436 in
1381 1399 1539 1436 domum
1569 1399 1619 1436 20

123 1471 246 1496 suam.
303 1458 387 1496 Hoc
416 1458 521 1496 enim
551 1463 742 1508 protector
762 1464 798 1497 et
827 1459 995 1496 saluator
1015 1459 1235 1496 animarum
1263 1463 1540 1496 nostrarum

123 1517 259 1556 Ihesus
288 1517 464 1556 Christus
492 1519 707 1556 dominus
735 1519 783 1556 ad
813 1517 976 1556 salutem
1006 1517 1211 1555 amborum
1240 1519 1318 1555 est*
1348 1521 1537 1566 operatus

231 1576 478 1615 Confortatus
517 1581 646 1615 autem
683 1577 910 1615 Theodorus
948 1589 1112 1626 surgens
1149 1575 1240 1614 emit
1277 1574 1538 1622 mercimonia,

125 1635 235 1674 sicuti
255 1635 382 1686 priora
401 1636 565 1681 fuerant,
596 1636 778 1674 conduxit
808 1641 945 1674 nautas
967 1641 1004 1674 et
1022 1635 1225 1674 honerauit
1244 1648 1397 1674 nauem.
1442 1634 1539 1673 Cum

123 1699 252 1733 autem
282 1695 453 1733 exiturus
483 1700 595 1741 esset,
624 1695 731 1733 uenit
759 1696 807 1733 ad
836 1695 912 1733 iam
941 1695 1060 1733 dictas
1090 1694 1326 1744 columpnas,
1356 1694 1539 1732 adsuum
1568 1694 1618 1731 25

124 1754 397 1805 antiphonitin,
427 1759 464 1793 et
492 1753 692 1804 procidens
720 1754 760 1792 in
789 1754 924 1793 faciem
952 1759 1041 1792 ante
1069 1753 1287 1803 ymaginem
1325 1752 1538 1798 saluatoris⁷

124 1814 281 1863 rogabat
310 1813 540 1863 suppliciter,
571 1819 613 1852 ut
641 1813 847 1852 custodiret
876 1826 965 1852 eum
994 1813 1042 1852 ab
1072 1812 1286 1851 imminenti
1316 1811 1483 1861 periculo
1503 1816 1540 1849 et

124 1872 370 1911 fluctuatione
408 1873 619 1922 procellosa
649 1878 763 1921 atque
792 1886 814 1910 a
842 1872 882 1910 ui
915 1877 1134 1910 uentorum.
1194 1871 1386 1921 Completa
1413 1876 1540 1909 autem

125 1931 310 1978 oratione,
339 1931 429 1970 abiit
450 1931 464 1982 ΙΙ
485 1932 532 1970 ad
552 1931 781 1970 Abramium
802 1931 1058 1980 salutauitque
1078 1944 1165 1969 eum
1185 1930 1407 1969 honorifice.
1438 1929 1678 1968 DixitW161v

127 1995 257 2029 autem
285 1990 510 2029 Abramius:
552 1990 715 2029 Domine
745 1991 958 2037 Theodore,
997 2003 1187 2028 conserua
1222 1989 1468 2040 temetipsum
1503 1993 1539 2026 et
1567 1990 1619 2026 30

126 2062 206 2088 non
226 2048 384 2099 nauiges
400 2049 567 2099 hyemali
586 2055 770 2100 tempore.
811 2049 850 2087 Si
871 2054 999 2088 autem
1020 2062 1108 2088 cum
1119 2047 1186 2087 Dei
1201 2049 1389 2087 adiutorio
1407 2047 1538 2087 uendi-

125 2107 226 2147 deris
268 2107 520 2147 mercimonia
560 2114 597 2147 et
637 2108 832 2147 inueneris
880 2109 1009 2147 fideles
1040 2107 1219 2146 homines
1262 2107 1325 2158 qui
1361 2110 1405 2146 in
1441 2109 1538 2146 hanc

125 2173 267 2206 terram
297 2167 468 2215 ueniant,
498 2167 617 2218 dirige
646 2168 758 2206 nohis
788 2181 833 2206 ex
863 2168 945 2218 ipso
974 2167 1095 2218 pretio
1115 2172 1303 2216 quantum
1333 2167 1450 2206 uales.
1493 2166 1538 2204 Et

127 2227 157 2265 si
187 2227 296 2273 forte,
327 2228 428 2276 quod
458 2227 570 2274 absit,
602 2227 772 2265 euenerit
801 2226 942 2276 aliquid
971 2227 1008 2265 in
1038 2239 1158 2274 mare,
1187 2226 1362 2266 inuenies
1390 2231 1538 2276 partem

125 2285 293 2335 aliquam
323 2291 514 2324 seruatam
544 2286 583 2324 in
614 2291 725 2325 terra.
768 2285 836 2325 Cui
864 2286 1091 2324 Theodorus
1120 2285 1331 2337 respondit:
1362 2284 1537 2324 Domini*
1565 2285 1616 2322 35

1594 513 1616 550 Ut

235 2441 251 2473 7
281 2440 433 2474 demisso
460 2442 498 2474 2²¹
547 2441 584 2474 11
615 2440 803 2484 periclitati
827 2441 964 2484 fuc'nms
990 2442 1026 2473 Ψ
1073 2441 1118 2474 34
1145 2444 1236 2475 mari
1262 2442 1301 2474 :2²³
