1834 2967
876 170 1104 208 flg-

281 299 378 341 tuos,
409 307 498 332 cum
519 293 655 344 quibus
676 293 803 343 sepius
823 292 1060 331 communis*
1088 291 1190 330 fuisti
1209 291 1248 329 in
1277 290 1439 341 negotiis
1459 296 1495 329 et
1514 291 1691 341 epulatus

282 366 322 391 es
352 366 440 391 cum
469 352 540 400 eis3
570 358 606 391 et
635 353 837 391 commoda
865 352 914 390 ab
942 351 996 390 eis
1024 351 1195 402 precium
1223 355 1260 389 et
1287 349 1389 400 inple
1417 362 1555 388 navem
1584 355 1690 388 tuam

280 412 474 451 mercibus
503 417 539 450 et
567 412 710 459 labora,
741 411 837 450 sicut
865 416 1072 449 consuetus
1101 423 1141 449 es
1169 410 1304 449 facere.
1361 409 1407 447 Et
1435 409 1539 447 Deus
1568 409 1691 447 omni-

281 476 420 521 potens
447 471 565 510 habet
594 484 639 509 ea
667 470 865 509 restituere
903 469 969 508 tibi
998 482 1072 519 que
1104 468 1299 520 perdidisti
1336 473 1373 506 et
1401 467 1473 506 alia
1510 467 1690 518 pluriora.

282 530 342 568 Tu
370 529 473 569 enim
493 529 721 568 exercitatus
750 542 790 567 es
810 529 849 566 in
869 528 1026 566 marinis
1048 527 1225 578 negotiis3
1256 527 1329 566 scis
1358 526 1460 565 enim
1481 526 1569 576 quia
1587 539 1693 565 mare

282 594 318 627 et
347 589 410 627 dat
439 594 475 627 et
503 589 608 627 tollit.
648 589 707 626 Tu
736 593 864 626 autem
894 600 1002 637 spem
1031 592 1137 626 tuam
1166 587 1205 625 in
1234 586 1390 625 domino
1419 591 1550 624 nostro
1579 586 1710 624 lhesu.

287 649 438 687 Christo
466 661 579 698 pone,
616 653 652 686 et
680 648 760 698 ipse
789 647 922 697 diriget
950 647 1053 685 uiam
1081 651 1200 685 tuam.
1258 647 1362 684 Vade
1391 650 1542 683 tantum
1571 650 1607 683 et
1636 645 1693 683 fac

282 709 558 746 secundum
587 707 789 745 consilium
818 719 961 744 meum.

139 773 265 807 E131v
387 766 620 805 Placuerunt
653 770 781 804 autem
802 764 816 815 ΙΙ
837 765 1041 803 Theodoro
1070 776 1270 802 sermones
1298 763 1421 802 amici.
1465 763 1576 801 Tunc
1604 761 1695 801 abiit

207 828 256 865 10
284 824 324 863 in
367 825 553 875 templum
596 829 727 862 sancte
755 824 823 862 Dei
861 823 1050 874 genitricis
1086 829 1120 862 et
1160 822 1319 873 uirginis
1357 821 1476 861 Marie
1513 822 1616 871 quod
1654 821 1694 860 in

281 884 521 922 Blachernen
542 882 700 921 mirifice
720 887 983 921 constructum
1012 887 1081 929 est⁷
1110 887 1154 920 et
1182 881 1338 931 proiecit
1357 895 1398 920 se
1426 881 1466 919 in
1496 880 1696 931 pauimen-

282 949 364 981 tum
393 948 482 981 ante
510 941 746 991 inmaginem
777 941 948 980 eiusdem
976 941 1045 980 Dei
1072 940 1262 991 genitricis
1291 945 1337 979 et
1365 953 1451 979 eam
1489 940 1694 990 ipsumque

284 1002 347 1051 qui
375 1015 421 1040 ex
451 1015 495 1040 ea
524 1006 638 1039 natus
667 1006 724 1039 est
752 1013 821 1051 pro
851 1002 1005 1039 nostra*
1034 1001 1154 1039 salute
1184 1013 1299 1038 orans
1335 1004 1371 1038 et
1399 1000 1623 1049 deprecans,
1653 1004 1695 1037 ut

282 1061 428 1099 bonum
459 1073 598 1098 suum
627 1059 832 1098 consilium
860 1059 1026 1109 utileque
1054 1058 1238 1098 auxilium
1267 1058 1338 1097 sibi
1375 1058 1595 1108 dignaretur
1633 1057 1695 1096 tri-

207 1123 255 1161 15
284 1121 413 1158 buere.
471 1120 669 1169 Completa
697 1123 827 1157 autem
846 1119 1018 1157 oratione
1046 1131 1225 1157 reuersus
1254 1122 1311 1156 est
1339 1117 1379 1156 in
1400 1119 1558 1156 domum
1584 1129 1696 1156 suam

282 1178 538 1228 indicauitque
567 1178 717 1228 coniugi
756 1191 825 1216 sue
863 1177 993 1216 omnia
1030 1190 1104 1227 que
1140 1178 1188 1216 ab
1225 1176 1347 1216 amico
1388 1176 1571 1215 audierat.
1628 1176 1695 1214 Illa

282 1251 388 1285 uero,
418 1243 459 1276 ut
488 1243 567 1276 erat
596 1238 782 1287 religiosa,
813 1243 943 1276 secuta
963 1242 1021 1276 est
1038 1236 1119 1275 eius
1140 1236 1343 1275 consilium
1372 1241 1408 1274 et
1437 1235 1487 1274 ait
1512 1236 1559 1274 ad
1588 1248 1695 1274 eum:

142 1305 269 1339 K113v
286 1297 397 1345 Quod
427 1297 492 1334 tibi
513 1295 527 1347 ΙΙ
549 1298 681 1347 placet,
712 1297 867 1335 domine
895 1297 961 1344 mi,
990 1295 1114 1335 facito.
1162 1296 1264 1334 Deus
1294 1301 1423 1334 autem
1452 1295 1696 1345 omnipotens

285 1358 377 1395 nos*
407 1355 542 1407 dirigat
570 1356 609 1394 in
640 1356 776 1394 timore
806 1369 889 1395 suo.

205 1412 256 1450 20
389 1415 536 1454 Abiens
565 1420 692 1454 autem
722 1415 950 1453 Theodorus
978 1416 1025 1453 ad
1060 1419 1264 1453 consuetos
1293 1414 1436 1452 amicos
1466 1426 1570 1461 suos,
1608 1426 1697 1452 cum

287 1475 425 1524 quibus
455 1474 582 1525 sepius
611 1474 786 1524 epulatus
815 1475 936 1513 fuerat
955 1473 995 1512 in
1023 1473 1162 1512 uariis*
1181 1472 1335 1520 deliciis⁷
1364 1472 1462 1523 cepit
1490 1485 1555 1511 eos
1585 1473 1698 1522 supli-

286 1534 377 1572 citer
396 1547 530 1584 rogare
551 1533 698 1572 dicens:
730 1533 853 1581 Scitis,
876 1532 1062 1572 carissimi
1081 1533 1214 1571 fratres
1235 1538 1277 1571 et
1297 1532 1450 1579 amici,
1473 1532 1563 1582 quid
1582 1531 1698 1570 michi

285 1593 325 1631 in
354 1592 417 1631 uia
445 1592 612 1642 contigit.
661 1593 802 1642 Itaque,
833 1593 988 1642 quando
1016 1606 1121 1630 eram
1149 1594 1257 1630 diues
1288 1595 1329 1630 in
1358 1605 1456 1630 auro
1484 1597 1518 1629 et
1546 1593 1588 1629 in
1608 1592 1700 1629 aliis

286 1653 409 1699 rebus,
447 1653 698 1690 sociabamini
734 1665 887 1690 mecum.
944 1653 1059 1690 Nunc
1086 1657 1223 1697 autem,
1262 1653 1413 1702 quando
1450 1651 1572 1689 factus
1611 1663 1698 1688 sum

285 1724 443 1761 pauper,
464 1710 573 1750 facite
593 1723 746 1749 mecum
765 1710 1067 1749 misericordiam
1088 1716 1125 1749 et
1144 1711 1260 1749 nolite
1280 1723 1354 1756 me,
1377 1722 1507 1759 queso,
1536 1709 1697 1748 abicere.

288 1771 353 1808 sed
375 1771 461 1809 date
479 1769 598 1808 michi
613 1770 779 1819 aliquam
796 1769 1011 1820 portionem
1031 1770 1125 1816 auri,
1146 1774 1188 1808 ut
1208 1769 1375 1808 reficiam
1396 1782 1535 1807 nauem
1551 1781 1697 1814 meeum

286 1835 322 1867 et
351 1842 463 1879 spero
501 1829 540 1867 in
570 1830 649 1867 Deo
686 1829 773 1878 quia
810 1828 973 1867 saluabit
1002 1842 1064 1867 me
1102 1834 1137 1867 et
1176 1829 1373 1867 restituam
1411 1828 1522 1866 uobis
1560 1840 1698 1866 aurum

285 1894 458 1927 uestrum
488 1902 576 1927 cum
596 1901 725 1927 usura.
783 1887 895 1926 Scitis
921 1887 1024 1926 enim
1044 1893 1238 1927 certamen
1259 1901 1390 1926 meum
1409 1886 1448 1925 in
1470 1887 1566 1925 mari
1588 1886 1699 1936 quale

284 1946 332 1985 sit
351 1953 387 1986 et
407 1947 635 1987 exercicium
656 1948 694 1986 in
711 1947 807 1986 meis
828 1947 1000 1998 negotiis.
1031 1947 1081 1986 At
1101 1947 1151 1986 illi
1166 1948 1443 1998 respondentes
1459 1947 1637 1985 dixerunt
1651 1947 1699 1984 ad

203 2011 255 2047 30
284 2019 390 2046 eum:
420 2007 614 2046 Domine
635 2007 898 2054 Theodore,
928 2007 1070 2045 scimus
1091 2006 1193 2046 enim
1214 2012 1250 2045 te
1279 2012 1315 2045 et
1343 2011 1449 2044 tuam
1469 2005 1698 2044 industriam

283 2066 464 2104 nouimus
483 2067 593 2105 bene.
637 2066 777 2117 Accipe
797 2080 819 2104 a
847 2066 960 2105 nobis
989 2079 1035 2104 ex
1065 2066 1204 2116 quibus
1224 2066 1369 2105 dederit
1390 2066 1492 2104 Deus
1520 2065 1559 2103 in
1580 2078 1694 2104 causa

283 2125 471 2175 dispendii
499 2127 552 2164 tui
592 2132 732 2175 tueque
761 2127 912 2164 (lomus.
968 2125 1048 2164 Nos
1077 2139 1169 2164 uero
1208 2125 1246 2164 in
1281 2125 1498 2164 enthicibus
1537 2124 1696 2163 marinis

284 2197 361 2221 non
393 2184 582 2223 habemus
612 2185 677 2223 tibi
700 2197 857 2224 necesse
885 2184 1025 2234 aliquid
1055 2185 1158 2224 dare.

389 2243 473 2282 Hoc
503 2244 631 2282 audito
648 2244 875 2283 Theodorus
904 2257 992 2283 cum
1022 2258 1162 2294 magna
1192 2243 1434 2282 tribulatione
1462 2248 1499 2282 et
1518 2242 1695 2293 angustia

204 2305 255 2342 35
285 2314 464 2340 reuersus
494 2302 609 2341 estin
630 2304 788 2341 domum
810 2316 931 2342 suam.
964 2303 1010 2342 Et
1039 2303 1088 2342 ait
1109 2303 1217 2342 uxori
1238 2316 1322 2342 sue:
1355 2303 1509 2348 Eamus,
1539 2301 1694 2340 domina

285 2374 382 2407 mea,
412 2362 684 2400 renunciemus
700 2362 790 2401 huic
818 2363 945 2401 seculo
968 2375 1147 2412 nequam,
1168 2362 1265 2401 sicut
1284 2368 1396 2401 autea
1415 2359 1698 2400 constituimus.

229 531 251 568 vv

206 1714 255 1751 [ἰῇ

395 2456 408 2488 1
431 2455 581 2497 negotiis
601 2455 802 2489 communi>-
821 2457 861 2490 K
899 2456 919 2489 2
938 2455 1046 2499 imple
1065 2455 1105 2490 E
1141 2455 1164 2489 4
1180 2455 1244 2489 tibi
1262 2458 1344 2489 rest.
1360 2466 1401 2489 ea
1420 2455 1507 2495 151st
1534 2453 1635 2497 plura
1654 2452 1696 2487 S²

285 2509 306 2541 ἵ)
325 2506 393 2541 scis
409 2507 518 2550 enim]
539 2511 574 2541 et
594 2508 661 2542 scis
676 2511 703 2541 S
756 2512 777 2541 o·
796 2510 841 2551 et]
861 2520 912 2543 om
933 2510 959 2542 S
1016 2510 1053 2543 11
1075 2509 1267 2543 blaclierne
1290 2509 1330 2542 K
1388 2509 1428 2542 17
1448 2511 1510 2545 est,
1536 2507 1582 2549 et]
1601 2518 1653 2541 om
1675 2508 1702 2541 S

286 2562 325 2594 21
348 2561 553 2605 suppliciter
579 2562 650 2594 ΕΚ
669 2566 838 2604 (semper)
890 2563 933 2595 :22
961 2562 1088 2597 fratres
1105 2562 1177 2596 kar.
1197 2563 1237 2596 K
1281 2563 1325 2595 26
1352 2562 1401 2604 ut]
1429 2565 1463 2595 et
1489 2561 1515 2594 S
1555 2562 1599 2594 :29
1618 2571 1696 2594 exe-

286 2614 377 2648 rium
397 2615 436 2648 K
471 2615 510 2648 31
541 2615 672 2658 optime
698 2615 865 2649 nouimus
885 2617 971 2659 EK3
998 2616 1130 2660 accipe]
1153 2619 1190 2657 —Js—
1213 2619 1332 2650 autem
1349 2615 1423 2649 ΕΚ
1469 2614 1513 2647 36
1541 2614 1692 2655 constit.]

286 2668 564 2711 promiseramus
591 2669 630 2702 J<
