1834 2967
738 135 781 137 *
843 114 912 150 131
977 135 1019 138 ——

173 234 308 285 ligauit
327 235 534 272 draconem
563 240 599 272 et
628 234 728 272 dedit
749 235 872 284 puelle
900 240 937 273 et
965 234 1059 273 dixit
1087 235 1141 273 ei:
1171 235 1317 281 Puella,
1347 236 1585 286 proficiscere

173 294 213 332 in
243 293 448 332 ciuitatem.

281 353 326 390 Et
363 351 448 390 tulit
484 352 592 390 illum
627 352 751 402 puella
786 358 822 390 et
856 351 1067 391 ambulauit
1105 352 1144 390 in
1180 352 1383 392 ciuitatem.
1441 354 1584 393 Videns

174 417 306 450 autem
329 411 532 461 (populus)
555 425 740 461 magnum
769 410 1011 457 miraculum,
1051 410 1090 448 in
1121 410 1258 450 timore
1287 425 1498 451 conuersus
1527 419 1585 452 est

173 477 208 509 et
230 472 359 521 sugam
379 469 483 520 petiit
503 475 656 520 propter
676 469 853 508 draconis
874 483 1070 519 pauorem.
1114 470 1225 508 Tunc
1245 476 1399 509 sanctus
1420 474 1595 522 magnus

174 529 360 580 Georgius
390 529 617 567 exclamauit
646 534 731 578 post
768 541 834 567 eos
863 527 1012 567 dicens:
1050 528 1175 567 Nolite
1210 529 1356 575 timere,
1394 532 1460 568 sed
1490 536 1584 569 state

173 589 409 627 confidenter
438 593 474 626 et
502 587 629 625 uidete
658 586 961 625 misericordiam
990 587 1058 625 Dei
1088 587 1373 638 omnipotentis.
1418 589 1462 627 Et
1492 590 1584 628 dixit

172 648 226 686 eis
264 652 423 686 sanctus
458 646 661 696 Georgius:
700 645 861 684 Creditis
897 645 936 684 in
966 645 1178 684 Dominum
1213 652 1389 685 nostrum
1425 648 1583 686 Jhesum

175 706 374 746 Christum
403 705 540 752 Deum,
576 704 642 754 qui
670 704 875 743 crucifixus
905 710 963 743 est
991 718 1012 743 a
1040 704 1194 744 Iudeis?
1241 706 1286 744 Et
1316 718 1385 755 ego
1415 706 1583 745 occidam

171 765 289 803 istum
327 766 552 810 draconem,
592 769 628 802 et
664 777 734 802 nec
763 763 926 813 amplius
964 763 1179 803 molestiam
1214 764 1404 803 habebitis
1442 777 1488 803 ex
1526 779 1581 804 eo,
1616 769 1663 805 10

171 823 407 863 Exclamauit
435 822 643 873 imperator
672 828 708 861 et
737 835 872 861 omnes
902 822 1102 873 optimates
1131 823 1212 862 eius
1241 837 1331 862 cum
1359 837 1403 862 eo
1433 824 1581 863 dicens:

173 883 372 923 Credimus
411 882 450 920 in
481 883 605 921 Deum
634 883 787 920 Patrem
818 881 1121 932 omnipotentem
1156 888 1192 921 et
1221 882 1362 921 Filium
1391 882 1472 922 eius
1501 884 1582 922 uni-

170 956 260 981 cum
289 942 499 980 Dominum
536 946 712 980 nostrum
750 946 786 979 et
816 940 1001 990 Spiritum
1040 946 1227 980 sanctum.
1286 942 1397 980 Tunc
1426 948 1581 981 sanctus

170 1001 356 1051 Georgius
399 999 651 1051 apprehendit
693 1000 861 1050 gladium
907 1005 943 1038 et
984 1000 1198 1049 amputauit
1239 1006 1350 1050 caput
1393 1001 1581 1041 draconis.

170 1062 280 1099 Tunc
317 1064 547 1110 congregata
581 1059 696 1098 totius
730 1058 862 1109 populi
896 1059 1099 1098 multitudo
1135 1059 1232 1109 cepit
1267 1060 1429 1098 osculari
1467 1061 1582 1110 pedes
1613 1063 1660 1100 10

169 1119 382 1159 beatissimi
428 1119 593 1157 martiris
642 1118 811 1168 Georgii,
858 1118 1074 1168 glorificans
1121 1119 1247 1157 Deum
1292 1119 1449 1157 insimul
1495 1133 1583 1158 cum

169 1179 392 1218 beatissimo
421 1178 577 1217 martire
606 1192 676 1217 suo
706 1177 881 1228 Georgio.

275 1240 385 1277 Tunc
413 1238 510 1289 cepit
541 1238 784 1277 beatissimus
814 1237 998 1288 Georgius
1027 1250 1166 1276 uocare
1194 1236 1458 1276 Alexandrum
1487 1238 1581 1288 epis-

168 1312 320 1349 copum.
382 1299 428 1336 Et
464 1297 669 1348 baptizauit
707 1297 978 1348 imperatorem
1013 1302 1049 1335 et
1088 1309 1224 1335 omnes
1262 1296 1464 1347 optimates
1500 1296 1581 1336 eius

169 1371 257 1396 cum
287 1371 342 1396 eo.
399 1358 446 1396 Et
483 1357 609 1395 omnis
645 1356 848 1395 multitudo
886 1355 1018 1407 populi
1056 1355 1245 1406 baptizata
1279 1362 1335 1394 est
1371 1355 1412 1395 in
1448 1356 1580 1405 quinto
1611 1358 1660 1395 20

169 1417 316 1455 decimo
355 1416 414 1455 die
449 1429 612 1454 numero
647 1415 902 1465 quadraginta
937 1414 1043 1453 milia
1077 1414 1293 1454 hominum.
1358 1415 1404 1453 Et
1440 1416 1581 1454 factum

169 1482 226 1514 est
259 1476 443 1526 gaudium
481 1489 668 1526 magnum
706 1475 746 1514 in
782 1480 860 1513 tota
893 1473 1048 1513 ciuitate
1085 1474 1160 1513 illa.
1227 1475 1338 1513 Tunc
1375 1474 1582 1524 imperator

168 1548 257 1573 cum
286 1535 390 1574 omni
421 1536 562 1586 populo
597 1534 697 1585 cepit
735 1533 969 1573 constituere
1007 1534 1206 1573 ecclesiam
1240 1534 1279 1571 in
1313 1534 1462 1572 honore
1496 1534 1581 1571 bea-

168 1594 308 1633 tissimi
336 1593 498 1644 Georgii.

274 1654 319 1692 Et
339 1667 427 1692 cum
447 1653 636 1704 completa
655 1653 788 1692 fuisset
809 1652 977 1699 ecclesia,
1005 1652 1111 1691 uenit
1131 1651 1375 1690 beatissimus
1395 1650 1581 1701 Georgius
1611 1660 1621 1673 ⁹

167 1718 204 1751 et
245 1713 408 1751 ostendit
449 1713 551 1751 aliud
591 1712 766 1751 mirabile
807 1712 961 1762 signum
1002 1711 1105 1750 intus
1145 1711 1185 1748 in
1228 1710 1397 1754 ecclesia,
1440 1710 1581 1749 scilicet

166 1772 312 1810 fontem
348 1785 446 1821 aque
482 1772 582 1810 uiue.
645 1772 690 1809 Et
728 1777 785 1810 est
822 1771 875 1809 ibi
913 1771 1058 1809 curatio
1096 1770 1300 1808 hominum
1339 1769 1581 1808 infirmorum

167 1831 405 1870 credentium
432 1831 470 1869 in
500 1831 710 1869 Dominum
739 1831 896 1869 Ihesum
926 1830 1134 1869 Christum.

273 1890 353 1929 Hec
395 1895 431 1928 et
471 1889 545 1928 alia
584 1891 704 1928 multa
739 1889 925 1928 miracula
962 1889 1048 1927 fecit
1090 1893 1245 1926 sanctus
1287 1886 1472 1938 Georgius
1514 1900 1580 1937 per

167 1962 270 1996 eum,
300 1949 362 1998 qui
391 1949 492 1987 dedit
521 1949 553 1987 ei
582 1949 741 1998 gratiam
771 1948 809 1986 in
841 1947 992 1986 Christo
1022 1947 1134 1985 Ihesu
1155 1946 1320 1985 Domino
1339 1951 1484 1990 nostro,
1516 1946 1578 1995 qui
1608 1949 1659 1986 30

166 2022 256 2046 cum
293 2009 406 2046 Patre
445 2014 481 2047 et
516 2007 660 2058 Spiritu
696 2012 828 2046 sancto
864 2006 959 2045 uiuit
995 2012 1031 2044 et
1066 2011 1200 2056 regnat
1234 2005 1274 2043 in
1312 2006 1439 2044 secula
1477 2018 1580 2043 secu-

166 2068 304 2106 lorum.

1639 474 1662 511 ΕΗ

1611 1653 1632 1690 ι»)

1637 1653 1660 1690 01

273 2185 318 2223 Et
353 2191 437 2234 post
471 2185 543 2223 hec
580 2184 712 2223 exiens
750 2189 905 2222 sanctus
940 2183 1125 2233 Georgius
1167 2183 1213 2221 de
1250 2182 1401 2221 ciuitate
1444 2181 1508 2221 illa
1546 2188 1581 2220 et

167 2257 330 2295 pergens
350 2242 365 2293 ΙΙ
386 2245 433 2282 ad
481 2257 591 2282 suam
638 2243 831 2294 propriam
879 2242 1084 2288 ciuitatem,
1133 2241 1304 2280 obuiauit
1346 2241 1378 2280 ei
1423 2241 1573 2291 quidam
1588 2247 1722 2281 fol.96v

167 2305 306 2342 demon
343 2304 471 2341 nudus
507 2308 542 2341 et
579 2304 776 2348 confusus,
820 2307 958 2340 tenens
993 2302 1172 2340 haculum
1208 2300 1247 2339 in
1283 2313 1402 2339 manu
1437 2314 1507 2339 sua
1545 2306 1580 2338 et
1609 2301 1658 2339 35

166 2363 329 2412 loquens
371 2362 405 2400 ei
446 2362 626 2401 suauiter.
692 2363 801 2400 Tunc
843 2361 935 2399 dixit
977 2361 1009 2399 ei
1053 2366 1208 2399 sanctus
1251 2360 1452 2410 Georgius:
1496 2360 1580 2406 Quo

168 2421 326 2460 nomine
355 2421 529 2460 uocaris?
572 2421 671 2459 Dixit
702 2421 735 2459 ei
765 2419 1064 2470 malignissimus
1094 2421 1252 2457 demon:
1284 2419 1323 2457 Si
1352 2423 1393 2456 tu
1422 2418 1580 2467 angelus

166 2481 233 2520 Dei
265 2494 317 2527 es,
347 2482 570 2519 demonstra
598 2481 777 2519 uirtutem
808 2485 925 2518 tuam.
975 2479 1020 2517 Et
1048 2479 1190 2517 faciens
1220 2483 1374 2516 sanctus
1395 2477 1579 2526 Georgius

165 2539 205 2579 in
242 2546 342 2579 terra
371 2540 525 2590 signum
564 2546 693 2578 sancte
731 2539 864 2578 Crucis
908 2539 946 2576 in
984 2538 1142 2576 circuitu
1180 2537 1354 2576 demonis
1393 2542 1428 2574 et
1466 2535 1577 2574 dixit:

167 2602 209 2640 In
246 2600 403 2639 nomine
433 2599 585 2638 Domini
614 2600 734 2638 nostri
763 2599 880 2637 jhesu
910 2597 1051 2637 Christi
1086 2596 1175 2636 ueni
1211 2609 1369 2646 sequere
1402 2609 1476 2634 me.
1532 2595 1577 2633 Et
1607 2594 1657 2632 40

1399 2670 1432 2697 9*
