1834 2967
705 145 966 182 —11-

129 267 268 306 tiemus
282 268 370 306 huic
382 268 509 307 seculo
523 270 654 318 iniquo
666 266 713 317 (22)
730 272 767 306 et
777 267 1046 305 monachicum
1061 266 1180 305 uitam
1192 268 1537 317 apprehendamus.

130 326 282 365 Etenim
302 327 480 365 homines
507 326 623 365 huius
652 326 833 376 temporis
862 326 1058 364 caritatem
1086 326 1352 364 demonstrant
1380 327 1540 365 mandu-

129 385 241 424 candi
269 392 309 424 et
332 385 487 424 bibendi
517 390 554 424 et
573 384 802 430 inebriandi,
831 384 871 422 in
891 383 1179 422 necessitatibus
1199 390 1327 422 autem
1344 385 1479 435 longe*
1499 399 1540 423 se

129 444 286 484 faciunt.
328 444 540 495 Respondit
561 444 593 483 ei
612 444 750 482 mulier
770 446 871 481 eius
889 449 933 481 et
952 445 1102 481 dixit:
1129 443 1177 481 Ut
1196 443 1352 490 iussisti,
1372 444 1538 482 domine.

235 503 530 543 Rememoratus
547 508 603 541 est
617 508 747 541 autem
761 502 863 540 idem
878 502 1104 540 Theodorus
1126 503 1319 551 quendam
1340 503 1539 549 hebreum,

128 562 358 601 Abramium
399 562 568 605 nomine,
610 564 676 609 qui
713 560 841 610 sepius
870 560 922 598 illi
951 560 1108 606 dixerat,
1149 561 1302 610 quando
1330 560 1370 599 in
1399 561 1538 600 diuitiis

129 627 226 660 erat:
257 621 419 660 Domine
439 621 653 664 Theodore,
683 620 811 670 accipe
831 634 853 657 (ι
883 634 946 658 me
974 633 1113 658 aurum
1133 625 1169 658 et
1198 620 1349 666 labora3
1380 625 1415 658 et
1438 620 1539 669 quic-

126 680 262 729 quid**
290 680 328 718 in
358 693 402 719 eo
430 680 600 718 lucratus
629 679 758 725 fueris,
789 679 853 717 fiat
873 691 1091 717 commune.
1149 678 1224 717 Sed
1243 679 1431 717 abiciebat
1451 693 1539 717 eum

127 739 354 778 Theodorus
383 738 493 788 quasi
520 738 703 786 allofilum
741 743 776 776 et
814 743 922 776 extra
962 737 1088 777 fidem.
1146 737 1236 776 Erat
1272 742 1402 776 autem
1439 738 1539 776 idem

126 797 334 836 Abramius
363 796 492 836 diues*
520 797 643 835 ualde.
699 795 803 834 Abiit
831 801 960 835 autem
990 796 1217 834 Theodorus
1246 796 1356 846 quasi
1394 797 1540 835 occulte
1573 795 1620 832 10

125 858 175 896 ad
202 857 362 895 domum
390 856 501 895 illius.
558 856 648 894 Erat
677 858 777 894 enim
806 869 873 906 per
900 858 1006 894 uiam
1035 857 1151 893 eundi
1178 856 1226 894 ad
1255 856 1415 894 domum
1436 857 1540 894 illins

124 915 301 954 hebrei**
333 916 441 954 locus
478 915 551 962 ille,
586 915 625 953 in
663 928 737 965 quo
766 928 930 965 magnus
960 914 1238 953 Constantinus
1276 920 1439 964 quatuor
1467 920 1538 953 sta-

124 980 249 1013 tuerat
286 975 525 1025 columpnas,
562 987 658 1024 quas
701 987 818 1024 supra
855 973 933 1012 iam
970 973 1147 1012 diximus,
1203 974 1372 1012 Veniens
1410 979 1538 1013 autem

125 1034 352 1073 Theodorus
381 1035 429 1073 ad
458 1034 624 1073 eundem
652 1034 780 1072 locum
809 1033 956 1083 aspexit
984 1033 1203 1082 ymaginem
1239 1032 1384 1071 domini
1418 1033 1538 1072 nostri

124 1093 239 1132 Ihesu
268 1093 408 1132 Christi
435 1095 525 1132 Dei
553 1099 593 1132 et
621 1095 893 1132 saluatoris
920 1095 1077 1131 nostri
1104 1097 1139 1131 et
1168 1106 1307 1131 manus
1337 1094 1385 1131 ad
1413 1093 1539 1131 celum
1572 1090 1617 1128 15

124 1154 283 1191 eleuans
312 1167 407 1191 cum
439 1154 657 1191 lacrimis
685 1152 844 1202 rogabat
873 1165 964 1191 eum
993 1151 1212 1202 suppliciter
1239 1157 1280 1190 ut
1301 1165 1342 1190 se
1362 1151 1538 1202 dirigeret

123 1211 163 1250 in
193 1225 289 1262 opus
319 1225 434 1250 suum
463 1225 538 1261 quo
564 1212 756 1261 pergebat.

231 1272 276 1309 Et
305 1272 502 1321 complens
541 1271 754 1309 orationem
794 1283 904 1309 suam
941 1270 1047 1308 uenit
1086 1270 1124 1308 in
1164 1271 1323 1308 domum
1351 1270 1535 1309 Abramii.

121 1329 356 1369 Conuocans
384 1335 513 1369 autem
542 1343 666 1368 unum
694 1332 740 1368 (Ze
768 1330 895 1380 pueris
925 1329 1006 1367 eius
1042 1332 1273 1380 perquirens
1301 1330 1408 1377 (sim)
1449 1343 1535 1368 eum

123 1389 190 1428 ubi
219 1395 318 1428 esset
347 1390 526 1428 dominus
556 1402 662 1428 suus.
718 1390 764 1428 Et
793 1389 844 1428 ait
874 1402 985 1438 puer:
1015 1389 1123 1427 Intus
1151 1389 1192 1427 in
1213 1389 1326 1427 domo
1356 1394 1425 1427 est.
1469 1388 1537 1427 Cui
1567 1385 1618 1422 ΞΟ

122 1448 174 1486 ait
202 1448 448 1487 Theodorus:
478 1448 622 1487 Nuntia
648 1447 712 1495 illi,
751 1461 882 1497 queso.
921 1449 968 1486 de
1002 1461 1077 1486 me.
1134 1447 1229 1486 Volo
1268 1447 1372 1486 enim
1410 1448 1537 1486 uidere

123 1521 225 1545 eum¹
248 1512 284 1546 et
325 1507 605 1546 sermocinare*
647 1520 735 1546 cum
773 1509 838 1546 illo
875 1509 1113 1546 desidero.
1168 1507 1370 1557 Ingressus
1406 1512 1536 1546 autem

122 1579 218 1616 puer
245 1566 438 1605 nuntiauit
465 1567 538 1605 hoc
565 1567 724 1605 domino
752 1579 836 1605 suo.
883 1566 957 1614 Qui
982 1566 1111 1604 statim
1131 1566 1241 1604 iussit
1271 1579 1360 1605 eum
1380 1566 1536 1604 introire

121 1626 170 1664 ad
199 1639 252 1664 se.
308 1627 509 1676 Ingressus
537 1631 668 1665 autem
688 1626 915 1665 Theodorus
943 1625 1041 1676 cepit
1070 1627 1181 1664 eum*
1201 1626 1341 1664 obnixe
1369 1639 1533 1676 precare,

121 1689 164 1723 ut
192 1685 320 1723 daret*
349 1685 419 1723 sibi
448 1698 586 1724 aurum
615 1686 662 1724 ad
696 1686 935 1736 operandum
964 1697 1054 1723 cum
1083 1698 1127 1723 eo
1165 1685 1204 1723 in
1234 1697 1376 1723 nauem
1408 1697 1534 1723 suam.
1564 1679 1614 1716 325

120 1743 191 1782 Cui
226 1743 435 1782 Abramius
476 1744 695 1794 respondit:
743 1744 907 1783 Domine
948 1744 1192 1790 Theotdore,
1235 1744 1389 1793 quando
1431 1746 1537 1782 eras*<
1556 1743 1679 1778 W159

123 1803 242 1850 diues,
272 1803 400 1854 sepius
428 1808 465 1842 te
494 1804 638 1853 rogaui,
670 1809 709 1842 ut
738 1803 930 1854 acciperes
951 1817 973 1842 a
998 1816 1061 1841 me
1089 1816 1227 1842 aurum
1256 1809 1289 1841 et
1319 1806 1538 1852 operareris

121 1864 223 1908 inde,
253 1867 288 1901 et
318 1862 485 1901 noluisti.
542 1863 588 1901 Et
616 1876 734 1909 nunc,
770 1864 926 1912 quando
955 1864 1106 1911 effeetus
1143 1875 1184 1900 es
1214 1875 1370 1912 pauper,
1410 1862 1536 1912 queris

122 1935 144 1960 a
172 1934 234 1960 me
262 1926 425 1960 aurum?
481 1922 521 1960 Si
550 1922 665 1969 enim,
697 1924 818 1972 quod
847 1923 991 1967 absit,
1027 1921 1239 1971 contigerit,
1281 1926 1322 1959 ut
1356 1922 1536 1971 perdatur

122 1993 261 2018 aurum
291 1981 390 2030 quod
420 1981 487 2019 tibi
516 1981 667 2027 dedero,
707 1980 888 2030 quidnam
927 1981 1052 2019 habeo
1090 1995 1112 2018 α
1152 1986 1195 2019 te
1229 1983 1409 2030 accipere,
1446 1993 1535 2019 cum
1564 1975 1616 2012 30

122 2039 173 2077 nil
201 2039 371 2078 habeas?
426 2040 472 2079 Et
500 2040 589 2090 quid
619 2041 828 2090 expectabo
857 2054 879 2078 a
907 2045 955 2086 te,
986 2039 1163 2090 precipue
1191 2045 1343 2078 autem
1379 2053 1467 2078 cum
1497 2040 1535 2078 in

122 2100 251 2136 mare*
279 2098 326 2137 sit
353 2099 463 2137 labor
491 2103 606 2138 tuus‘?
662 2100 812 2138 Tamen
843 2099 874 2138 si
911 2099 970 2138 uis
1008 2104 1049 2137 ut
1079 2099 1166 2137 dem
1203 2098 1270 2137 tibi
1299 2112 1450 2146 aurum,
1488 2100 1536 2137 da

121 2157 238 2196 michi
275 2157 546 2208 antiphonitin,
586 2159 624 2196 id
662 2163 718 2197 est
756 2159 1006 2197 mediatorem
1046 2160 1128 2196 siue
1156 2157 1421 2197 fideiussorem
1449 2159 1536 2208 legi-

120 2216 270 2262 timum,
314 2222 355 2254 ut
391 2217 556 2256 habeam
594 2218 640 2256 ab
682 2230 726 2256 eo
765 2219 944 2268 quiequid
972 2216 1038 2255 tibi
1073 2217 1226 2264 dedero,
1271 2222 1307 2256 et
1339 2218 1438 2256 dabo
1469 2218 1534 2255 tibi

119 2281 476 2325 quantumcumque
505 2275 656 2326 petieris
688 2289 839 2315 aurum.
895 2276 959 2314 Ait
988 2277 1036 2314 ad
1064 2289 1154 2314 eum
1183 2276 1430 2315 Theodorus:
1461 2277 1533 2314 Do·
1563 2271 1613 2307 35

120 2333 226 2373 mine
253 2334 448 2379 Abramie,
479 2336 590 2373 crede
609 2335 726 2373 michi
747 2335 835 2384 quia
855 2335 1012 2382 multos,
1042 2340 1083 2374 ut
1103 2340 1206 2385 puto,
1236 2335 1361 2374 habeo
1390 2335 1534 2374 amieos

1596 504 1618 539 O(

230 2428 267 2462 11
304 2439 368 2472 per
402 2427 496 2462 uiam
529 2430 640 2462 eundi
667 2443 707 2457 =
736 2429 791 2468 θη
828 2428 975 2472 peruius
1009 2432 1106 2462 eunti
1132 2443 1174 2456 =
1204 2429 1302 2469 1210)
1363 2429 1404 2462 12
1435 2429 1535 2462 locus

117 2480 177 2515 ille
202 2497 244 2511 =
273 2482 329 2521 2¹·;
356 2481 472 2515 locum
499 2480 599 2515 illum
626 2496 667 2510 z
698 2482 736 2515 1έ1
756 2481 796 2522 (5²)
848 2482 892 2515 22
918 2482 1156 2516 sermocinari
1178 2482 1217 2515 21·
1261 2482 1306 2516 24
1331 2483 1472 2526 precari
1497 2482 1535 2515 v2r

119 2535 164 2569 Ξῖ
192 2536 394 2578 operareris
420 2535 502 2568 inde
528 2549 570 2562 =
598 2535 637 2560 01·
683 2535 728 2569 :34
752 2534 913 2578 quicquit
939 2535 997 2568 Ms
