1834 2967
851 108 1135 144 —108—

284 230 470 268 dicentes:
511 229 606 276 Quis
644 234 681 268 te
726 228 1008 280 impregnauit‘?
1078 229 1145 267 Illa
1185 241 1278 267 uero
1319 229 1473 267 nolebat
1513 227 1697 267 confiteri.

283 289 394 327 Tunc
423 289 474 327 ait
494 288 714 339 episcopus:
744 287 901 326 Dimitte
921 301 1024 335 eam3
1055 301 1124 338 ego
1154 287 1258 326 enim
1286 287 1355 325 feci
1383 288 1458 326 hoc
1486 292 1698 337 peccatum.

390 348 435 386 Et
464 361 552 386 cum
581 347 811 386 surrexisset
837 347 885 386 ab
906 346 1127 385 infirmitate
1147 359 1228 393 sua,
1257 346 1413 384 intrauit
1441 346 1481 384 in
1501 345 1699 384 ecclesiam

283 407 495 456 tollensque
524 407 840 457 superhumerale
869 419 982 444 suum
1015 405 1142 455 posuit
1170 418 1284 455 super
1313 406 1443 444 altare.
1487 405 1532 443 Et
1566 405 1698 443 exiens

158 474 180 507 S
199 473 264 507 SSV
284 465 368 504 tulit
405 466 586 504 baculum
621 465 659 504 in
698 478 818 504 manu
847 478 928 511 sua,
968 470 1009 503 ut
1044 465 1114 503 iret
1152 464 1191 502 in
1221 464 1501 502 monasterium
1530 463 1595 502 ubi
1615 462 1630 514 ΙΙ
1650 463 1701 514 ig-

282 525 504 564 norabatur.
560 525 693 563 Abbas
723 530 850 563 autem
880 523 1118 570 monasterii⁷
1148 536 1237 562 cum
1266 528 1366 562 esset
1394 523 1586 574 spiritalis,
1615 536 1700 573 cog-

281 584 390 623 nouit
404 597 472 634 per
487 583 662 635 spiritum
679 584 766 633 quia
782 584 983 633 episcopus
1004 585 1126 622 esset*
1147 588 1334 621 uenturus
1354 582 1395 620 in
1407 582 1698 621 monasterium.

283 643 501 693 Expectans
541 656 635 682 uero
673 643 865 693 portarius
907 643 1008 692 quod
1042 655 1130 681 cum
1169 641 1331 680 lectione
1366 646 1467 680 esset
1511 646 1699 680 uenturus

281 708 345 741 aut
385 715 473 741 cum
508 702 637 751 aliqua
671 702 834 740 fantasia
870 701 988 740 ueluti
1025 701 1240 752 episcopus⁷
1282 714 1361 739 non
1399 700 1580 750 cognouit
1616 713 1700 739 rem

205 763 252 800 10
281 766 439 812 gestam.
498 761 638 799 Exiens
668 766 794 799 autem
826 761 945 800 abbas
975 762 1022 799 ad
1042 760 1247 799 uisendum
1278 774 1373 807 eum,
1403 759 1582 798 salutauit
1609 772 1698 798 eum

281 820 428 859 dicens:
459 820 564 858 Bene
593 819 794 866 aduenisti‚
835 819 990 858 domine
1019 819 1208 869 episcope.
1264 820 1349 869 Ipse
1377 833 1468 857 uero
1503 818 1700 857 admirans

280 880 473 929 quomodo
515 879 667 928 agnitus
709 884 821 925 esset,
862 878 983 917 uoluit
1021 879 1150 928 fugere
1189 878 1227 916 in
1266 878 1369 916 aliud
1407 877 1697 916 monasterium.

280 938 380 976 Dixit
409 943 536 976 autem
566 937 599 976 ei
628 937 766 976 abbas:
796 937 1037 987 Vbicumque
1065 936 1292 988 perrexeris,
1322 942 1450 975 tecum
1479 937 1633 975 ueniam
1663 942 1701 975 et

279 1010 359 1035 non
401 1002 438 1035 te
480 996 680 1035 dimittam.
737 997 783 1034 Et
820 997 983 1035 multum
1014 998 1124 1035 eum*
1162 997 1366 1046 precando,
1404 995 1617 1034 introduxit
1658 995 1698 1034 in

204 1059 250 1095 15
279 1055 571 1094 monasterium.
635 1055 804 1094 Penituit
845 1060 973 1094 autem
1016 1068 1056 1093 se
1099 1055 1138 1094 in
1182 1055 1344 1094 ueritate
1386 1059 1422 1093 et
1464 1055 1699 1094 contricione

280 1115 404 1154 cordis
435 1120 471 1153 et
499 1115 651 1153 feruore
688 1115 841 1153 mentis.
898 1114 1040 1153 Finiuit
1069 1120 1196 1153 autem
1227 1113 1346 1152 uitam
1382 1127 1493 1152 suam
1528 1114 1567 1152 in
1605 1126 1700 1164 pace

279 1179 314 1213 et
352 1174 531 1224 migrauit
572 1173 613 1212 in
652 1174 832 1221 Dominoy
875 1173 927 1213 ita
955 1179 996 1212 ut
1036 1174 1157 1212 multa
1195 1172 1304 1223 signa
1339 1173 1472 1211 fierent
1511 1172 1550 1211 in
1594 1173 1697 1211 exitu

279 1233 407 1272 anime
436 1233 548 1272 illius.

420 1364 495 1406 38.
539 1364 613 1405 De
656 1363 868 1417 quodam
909 1363 1148 1405 monacho
1192 1365 1254 1415 (K
1274 1363 1325 1415 -l—
1350 1365 1554 1414 martire).

137 1470 162 1503 E
178 1471 265 1504 17Sv
281 1463 495 1553 Narrauit
511 1463 630 1502 abbas
651 1463 798 1510 Daniel⁷
819 1463 1003 1513 quoniam
1032 1463 1100 1502 fuit
1121 1462 1134 1513 ΙΙ
1156 1463 1309 1513 quidam
1340 1462 1554 1502 monachus
1581 1462 1699 1501 Dulas

379 1523 549 1570 nomine,
580 1523 752 1572 quicum
781 1522 932 1572 magnis
953 1527 1009 1561 est
1030 1523 1233 1572 deputatus
1263 1522 1446 1573 patribus.
1504 1521 1577 1561 Hic
1605 1534 1699 1560 uero

278 1581 397 1620 Dulas
418 1582 457 1620 in
478 1581 612 1633 primis
632 1581 671 1620 in
693 1581 854 1621 cenobio
872 1581 1061 1620 habitauit
1080 1595 1147 1632 per
1168 1595 1293 1620 annos
1313 1581 1579 1631 quadraginta.
1623 1580 1697 1629 Qui

279 1640 429 1680 dicebat
458 1641 642 1691 quoniam
672 1640 928 1691 multipliciter
966 1640 1143 1691 probauit
1172 1645 1209 1679 et
1243 1640 1404 1687 inuenit,
1445 1639 1628 1690 quoniam
1656 1639 1697 1678 in

279 1699 449 1739 cenobiis
479 1700 601 1751 magis
630 1705 667 1739 et
694 1701 863 1739 uelocius
892 1700 1090 1751 profitiunt
1118 1700 1301 1739 monachi
1339 1700 1378 1738 in
1409 1699 1588 1750 operibus
1623 1700 1698 1738 uir-

280 1765 418 1807 tutum,
450 1759 481 1798 si
511 1759 638 1798 ueraci
659 1760 773 1798 corde
800 1764 1003 1798 morantur
1032 1759 1071 1797 in
1100 1760 1195 1798 loco.

386 1818 472 1857 Fuit
501 1819 605 1857 enim
635 1819 790 1869 quidam
820 1819 936 1857 frater
971 1818 1010 1856 in
1041 1818 1201 1856 cenobio
1240 1818 1348 1856 uultu
1384 1817 1539 1867 quidem
1576 1817 1697 1868 despi-

280 1877 410 1917 cabilis
440 1884 476 1917 et
505 1878 689 1925 abiectus,
729 1883 858 1917 mente
896 1891 989 1916 uero
1025 1882 1062 1916 et
1091 1877 1221 1916 anima
1252 1877 1342 1916 satis
1372 1877 1582 1928 speciosus.
1626 1877 1698 1915 Hic

279 1942 407 1976 autem
437 1951 523 1976 cum
563 1938 611 1976 ab
647 1938 828 1976 omnibus
867 1937 1125 1987 despicaretur
1154 1942 1191 1975 et
1219 1936 1476 1983 iniuriaretur,
1506 1937 1699 1987 gaudebat

279 2003 314 2035 et
344 1997 550 2036 exultabat.
606 1997 663 2035 Ex
692 1996 932 2035 immissione
961 2002 1090 2035 autem
1119 1995 1263 2035 inimici
1283 2009 1420 2035 omnes
1440 1996 1575 2035 fratres
1595 2009 1698 2035 ama-

277 2056 366 2094 riter
395 2057 582 2095 aduersus
612 2069 699 2095 eum
736 2056 1070 2095 conuersabantur
1105 2056 1290 2103 cedendo,
1333 2056 1536 2106 expuendo
1565 2061 1602 2094 et
1635 2068 1698 2094 ex·

277 2115 496 2164 probrando
526 2120 562 2154 et
582 2115 913 2154 maledictionibus
933 2114 1095 2153 diuersis
1116 2127 1205 2153 eum
1226 2115 1511 2165 perfundendo;
1533 2113 1548 2166 ΙΙ
1569 2120 1605 2153 et
1623 2115 1698 2154 hoc

278 2187 344 2224 per
364 2174 497 2223 uiginti
527 2187 651 2213 annos
681 2179 717 2213 et
746 2188 785 2213 eo
814 2174 978 2225 amplius
1007 2173 1195 2224 patienter
1224 2174 1416 2212 sustinuit.

383 2233 423 2271 ln
455 2233 594 2282 quibus
615 2247 693 2272 non
715 2234 902 2272 sufferens
932 2233 1111 2271 inimicus
1139 2233 1469 2283 longanimitatem
1499 2238 1533 2271 et
1555 2232 1697 2284 patien-

277 2292 368 2330 tiam
387 2292 481 2338 eius,
512 2292 670 2331 immisit
698 2292 737 2331 in
759 2306 824 2332 cor
854 2292 1051 2331 cuiusdam
1083 2306 1129 2331 ex
1151 2293 1331 2331 fratribus
1352 2298 1392 2332 ut
1412 2293 1697 2342 quiescentibus

278 2351 360 2390 aliis
406 2352 564 2390 intraret
604 2351 641 2390 in
687 2353 886 2391 ecclesiam
925 2357 962 2391 et
997 2352 1127 2390 omnia
1165 2365 1257 2391 uasa
1301 2366 1409 2391 sacra
1447 2352 1625 2402 diriperet
1662 2357 1699 2390 et

387 2448 398 2480 1
419 2449 510 2481 cont.
527 2447 641 2481 noluit
656 2449 731 2482 ΕΚ
777 2448 797 2481 2
812 2447 980 2482 dimittite
995 2449 1069 2482 ΕΚ
1115 2448 1137 2480 4
1150 2447 1334 2482 humerale
1349 2449 1425 2482 ΕΚ
1474 2448 1515 2481 13
1529 2447 1611 2481 abb.
1623 2449 1695 2480 aut.

277 2500 346 2534 dix.
365 2501 395 2535 ei
415 2501 490 2534 ΕΚ
542 2502 580 2534 17
601 2501 635 2534 in
656 2501 752 2535 dom.
774 2503 837 2535 Κἠ
874 2502 914 2535 21
937 2500 1015 2545 dep.
1036 2504 1087 2535 est
1105 2502 1139 2534 Ε
1188 2502 1233 2534 24
1252 2501 1299 2543 in]
1320 2501 1375 2534 nel
1395 2502 1430 2535 S.
1474 2501 1518 2534 9.ss
1537 2500 1695 2544 quidem]

277 2554 421 2597 quidam
449 2555 541 2588 ΕΚ1
624 2555 667 2588 27
701 2556 800 2597 uero]
833 2555 979 2598 quidem
1007 2556 1034 2587 S
1113 2557 1292 2588 formosus
1318 2553 1424 2593 EK²;
1451 2554 1602 2588 deuotus
1637 2552 1694 2587 K¹

277 2608 322 2640 30
347 2607 393 2650 et]
419 2618 471 2640 om
501 2609 539 2641 Κ
599 2610 643 2641 33
670 2607 776 2651 long]
809 2610 846 2648 —l—
876 2607 952 2642 eius
979 2609 1051 2642 ΕΚ
1112 2609 1156 2641 35
1189 2607 1392 2651 diriperent,
1420 2607 1556 2642 exirent
1584 2608 1619 2641 Ε
