1834 2967
251 251 339 277 cum
369 236 560 288 opertorio
588 249 704 275 aureo
725 240 761 274 et
789 248 920 285 argen-

252 304 312 336 teo
341 301 492 348 parato3
531 295 718 345 siquidem
757 294 821 344 qui
859 307 922 343 ap·

253 356 413 406 pellatur
441 360 579 405 puteus
617 359 773 393 sanctus
801 365 922 402 usque

253 416 292 454 in
306 415 535 453 hodiernum
556 413 668 452 diem.
699 413 812 461 Quod
827 412 924 450 sicut

255 488 276 513 a
322 473 514 524 prioribus
560 472 732 519 traditur,
779 471 832 510 ita
883 483 924 509 se

254 534 382 571 hahet

307 593 402 630 Item
431 591 470 630 in
491 591 624 630 diebus
653 590 725 628 illis
745 594 827 628 erat
847 589 924 638 qui-

256 652 345 690 dam
360 651 592 690 christianus
607 650 646 688 in
667 650 801 688 eadem
817 648 924 695 urbe,

114 714 244 749 A151v
260 711 323 760 qui
350 710 540 749 hab1÷ebat
567 714 656 747 ante
684 708 927 746 mansionem

145 767 193 807 10

184 1063 231 1100 15

184 1359 235 1396 ΩΟ

186 1654 236 1692 25

257 782 367 808 suam
396 769 435 807 in
455 768 603 819 porticu
623 767 774 818 publica
798 766 926 815 imagi-

259 841 348 866 nem
369 826 577 866 Saluatoris
594 831 771 864 erectam.
801 825 927 872 Quam

259 888 414 937 quidam
442 886 577 924 iudeus
612 884 757 923 inuidia
791 885 928 922 ductus

258 946 388 984 furtim
429 959 515 983 eam
552 944 708 983 abstulit
744 949 855 982 nocte
893 948 929 981 et

260 1019 326 1056 per
347 1004 584 1043 iracundiam
600 1003 743 1053 accepit
764 1003 929 1041 cultrum

261 1070 297 1103 et
317 1063 475 1114 puncxit
495 1076 580 1101 eam
600 1062 638 1101 in
660 1062 797 1100 medio.
841 1060 930 1099 Ilico

260 1123 376 1162 exiuit
405 1122 572 1172 sanguis,
603 1122 705 1160 unde
735 1120 931 1171 cooperuit

260 1184 530 1221 indumentum
558 1181 677 1232 ipsius
696 1180 809 1218 iudei.
857 1179 928 1227 Qui

262 1242 451 1292 accipiens
480 1241 623 1279 scilicet
649 1239 773 1290 ipsam
801 1238 931 1288 imagi-

264 1315 353 1340 nem
382 1305 468 1351 post
498 1299 748 1350 punctionem
768 1298 932 1337 cucurrit

263 1362 310 1400 ad
339 1360 551 1410 predictum
580 1364 740 1409 puteum
769 1363 804 1396 et
834 1358 932 1396 clam

264 1433 350 1460 eam
379 1419 518 1457 ibidem
551 1418 719 1468 proiecit.

318 1597 388 1635 His
409 1597 460 1635 ita
479 1601 676 1646 peractum
695 1608 785 1633 cum
813 1607 934 1633 reme-

265 1662 366 1695 asset
382 1657 428 1694 ad
444 1655 719 1701 habitaculum,
737 1653 935 1704 conspexit

264 1715 400 1754 mulier
421 1715 550 1764 utique
570 1714 688 1765 ipsius
708 1713 935 1752 vestimenta

265 1775 346 1813 eius
361 1787 568 1824 conspersa
579 1786 623 1811 ac
632 1773 776 1824 polluta
787 1785 934 1819 cruore,

265 1834 401 1874 mirata
431 1839 488 1871 est
516 1838 551 1871 et
582 1832 633 1870 ita
663 1831 788 1870 aiens:
816 1831 934 1869 Num—

266 1893 353 1942 quid
393 1892 644 1931 homicidium
687 1889 935 1942 perpetrasti?

919 111 993 148 120

994 239 1174 283 argenteo
1195 239 1408 284 coopertus.
1429 247 1543 283 quem
1563 235 1662 273 Con-

994 292 1321 343 stantinopolitani
1358 298 1514 343 puteum
1556 306 1662 332 sanc-

995 357 1077 390 tum
1105 364 1226 400 usque
1245 350 1285 389 in
1313 351 1543 389 hodiernum
1563 351 1666 390 diem

996 410 1200 461 appellant.

1050 588 1235 626 Euolutus
1252 587 1438 638 siquidem
1459 588 1571 626 annis
1586 601 1672 638 pre·

999 645 1106 685 diues
1136 646 1289 696 quidem
1318 645 1549 684 christianus
1578 659 1674 685 con--

999 706 1143 756 tiguam
1173 706 1295 743 eidem
1325 705 1396 744 sibi
1424 705 1668 744 mansionem

1000 765 1118 804 erexit
1146 769 1182 804 et
1217 771 1305 803 ante
1334 778 1419 803 eam
1454 765 1493 804 in
1522 764 1669 815 porticu

1001 824 1152 874 publico
1188 824 1422 863 salutiferam
1460 830 1593 862 contra
1630 838 1675 862 se

1000 883 1206 933 imaginem
1236 883 1377 922 statuit.
1435 884 1561 930 Quam
1592 883 1673 933 qui-

1002 943 1090 980 dam
1145 942 1279 981 iudeus
1334 942 1480 981 inuidia
1535 944 1671 981 ductus

1002 1001 1133 1039 furtim
1189 1014 1257 1051 per
1304 1007 1457 1040 noctem
1517 1002 1676 1040 abstulit

1002 1061 1158 1109 zeloque
1213 1060 1409 1098 iracundie
1465 1066 1674 1110 preuentus

1003 1119 1126 1170 gladio
1168 1119 1370 1169 euaginato
1412 1119 1548 1169 punxit
1589 1132 1678 1158 eam

1003 1192 1070 1229 per
1125 1178 1305 1217 medium.
1378 1178 1488 1217 Unde
1533 1178 1675 1217 mirum

1005 1238 1117 1285 dictu,
1148 1237 1331 1276 continuo
1366 1237 1483 1276 exiuit
1520 1237 1678 1288 sanguis

1005 1303 1040 1336 et
1093 1296 1212 1347 ipsius
1258 1295 1359 1334 iudei
1405 1296 1680 1335 indumentum

1005 1356 1091 1395 fecit
1121 1354 1472 1405 sanguinolentum.
1514 1355 1588 1403 Qui
1619 1368 1678 1394 ac-

1006 1415 1149 1466 cipiens
1187 1415 1311 1465 ipsam
1347 1415 1554 1465 imaginem
1592 1420 1679 1465 post

1006 1474 1254 1526 punctionem
1274 1474 1441 1513 cucurrit
1460 1478 1496 1512 et
1521 1474 1619 1512 clam
1638 1474 1679 1512 in

1007 1534 1218 1585 predictum
1248 1539 1405 1583 puteum
1434 1533 1600 1583 proiecit.

1059 1594 1332 1642 Reuersusque
1347 1594 1395 1631 ad
1415 1592 1679 1631 habitaculum

1007 1665 1121 1691 suum
1168 1652 1368 1702 ignorabat
1416 1656 1542 1689 uestes
1589 1664 1681 1689 suas

1008 1724 1142 1751 cruore
1178 1724 1261 1749 esse
1297 1723 1536 1760 conspersos.
1594 1709 1681 1748 Cer-

1008 1783 1106 1809 nens
1143 1775 1272 1808 autem
1316 1782 1411 1808 uxor
1449 1769 1531 1808 eius
1568 1768 1683 1807 uesti-

1008 1835 1140 1868 menta
1160 1828 1284 1867 mariti
1311 1833 1520 1874 cruentata,
1550 1827 1682 1866 mirari

1009 1889 1106 1939 cepit
1135 1889 1282 1927 dicens:
1312 1887 1416 1926 Num
1442 1888 1532 1937 quid
1559 1887 1683 1926 homi-

375 2078 389 2110 l
424 2076 519 2119 cum]
550 2087 605 2109 om
633 2076 676 2110 M
737 2075 758 2108 2
791 2074 932 2118 siquid]
963 2085 1017 2108 om
1043 2074 1091 2108 M
1149 2074 1170 2107 3
1205 2075 1278 2116 put.
1305 2083 1385 2116 app.
1404 2072 1453 2106 M
1509 2073 1531 2106 5
1563 2070 1686 2116 prior.]

265 2129 428 2175 patribus
445 2129 491 2164 M
539 2129 556 2162 7
584 2127 826 2171 item—illis]
851 2139 905 2161 om
924 2128 970 2162 M
1014 2127 1036 2161 S
1061 2125 1180 2161 christ.
1201 2125 1310 2170 quid]
1338 2128 1371 2160 A
1423 2125 1466 2159 10
1483 2125 1626 2169 publico
1657 2126 1686 2160 C

270 2184 311 2217 152
338 2182 475 2216 domini
500 2183 533 2218 A
586 2183 628 2216 13
655 2181 747 2225 eam]
779 2193 832 2216 om
858 2182 909 2220 A;
943 2191 984 2215 ea
1019 2181 1052 2215 V
1103 2180 1145 2213 14
1176 2183 1321 2223 accepto
1352 2179 1465 2213 cultro
1498 2178 1623 2222 punxit
1647 2180 1681 2213 A

271 2237 312 2270 15
339 2236 386 2278 i1.]
413 2240 451 2277 -ι-
483 2238 605 2269 autem
630 2236 679 2270 M
725 2235 766 2269 16
793 2233 977 2279 sanguinis
1003 2232 1196 2268 multitudo
1223 2236 1257 2267 et
1283 2243 1383 2276 coop.
1410 2232 1620 2266 indumenta
1647 2233 1683 2267 A

267 2289 363 2324 unde
378 2309 421 2314 —
435 2288 588 2332 indum.]
613 2291 647 2322 et
664 2288 831 2332 respersit
849 2287 972 2321 omnia
989 2287 1198 2321 indumenta
1247 2287 1286 2320 17
1305 2286 1366 2329 qui
1384 2285 1542 2329 prefatus
1559 2285 1686 2320 iudeus

269 2342 402 2386 accepit
440 2343 475 2376 A
539 2342 581 2376 18
619 2341 740 2384 scilic.]
769 2353 825 2376 om
863 2342 947 2376 AM
1005 2341 1050 2374 20
1086 2339 1196 2383 pred.]
1232 2351 1285 2374 om
1322 2338 1370 2373 M
1426 2341 1499 2382 put.
1526 2338 1624 2382 pred.
1655 2339 1689 2373 V

270 2396 316 2430 24
330 2395 481 2439 peractis
493 2395 591 2429 ML2
641 2395 772 2429 rediret
789 2395 885 2428 domi
906 2396 940 2429 A
991 2395 1035 2428 26
1054 2393 1176 2435 utique
1195 2392 1324 2427 mulier
1339 2393 1383 2432 C;
1409 2392 1543 2435 utique]
1563 2403 1620 2427 om
1641 2393 1687 2427 M

268 2449 364 2483 illius
390 2450 421 2482 A
497 2448 574 2492 ips]
603 2451 641 2489 —{-
670 2447 765 2482 iudei
794 2448 867 2483 CM
944 2447 1073 2481 mulier
1107 2446 1201 2480 illius
1233 2456 1354 2490 consp.
1382 2445 1542 2488 uiditque
1577 2445 1683 2479 uesti—

269 2505 390 2537 menta
404 2501 498 2535 illius
513 2501 649 2545 polluta
667 2504 700 2536 A
750 2501 793 2534 -27
813 2500 901 2543 eius]
922 2500 1015 2534 illius
1031 2502 1082 2540 A;
1109 2511 1161 2533 om
1186 2500 1250 2533 VL
1300 2500 1345 2533 28
1364 2499 1490 2533 mirata
1509 2498 1572 2541 estl
1593 2497 1686 2532 mira

270 2566 325 2590 res
358 2556 406 2595 V;
431 2566 485 2590 om
514 2553 593 2595 A&
620 2553 816 2588 ammirans
841 2553 982 2587 dicebat
1007 2553 1055 2587 M
1110 2555 1144 2586 et
1171 2551 1250 2587 A'·''¹⁸
1307 2552 1355 2586 ait
1380 2551 1458 2586 uiro
1485 2554 1536 2596 A;
1563 2551 1612 2585 ait
1640 2549 1685 2592 O;

270 2619 380 2652 agens
414 2609 441 2642 V
491 2607 679 2650 numquid]
707 2611 743 2648 -ξ-
774 2617 845 2641 non
872 2608 906 2642 A
