1834 2967
130 265 167 303 ei
197 270 238 302 ut
272 265 479 315 baptizaret
508 264 737 303 Abramium
769 277 856 303 cum
886 265 992 302 omni
1026 266 1140 303 domo
1169 278 1250 303 sua.
1307 265 1380 312 Qui
1418 266 1544 304 statim

134 324 376 362 cathetizans
405 323 610 374 baptiznuit
637 337 702 362 eos
730 323 770 361 in
798 323 957 362 nomine
984 323 1108 361 Patris
1143 328 1179 361 et
1208 323 1289 362 Filii
1318 330 1354 362 et
1383 324 1544 374 Spiritus

132 382 258 421 sancti
290 396 452 421 numero
481 383 698 421 animarum
727 381 925 431 utriusque
954 394 1068 420 sexus
1097 382 1337 432 septuaginta
1366 383 1543 432 quinque.

243 441 334 480 Post
364 441 443 479 dies
471 447 596 479 autem
625 445 771 490 septem
800 440 979 490 baptismi
1005 453 1136 478 eorum
1168 441 1332 490 precepit
1352 441 1545 490 piissimus

133 500 385 550 imperator**
413 500 494 538 fieri
521 499 681 538 letanias
709 512 776 549 per
804 504 924 537 totam
944 499 1093 545 urbem,
1124 505 1164 537 ut
1194 501 1352 537 omnes*
1380 500 1477 538 irent
1497 502 1544 538 ad
1600 504 1623 538 5

131 559 260 597 locum
290 564 452 608 quatuor
481 558 787 607 columpnarum,
817 557 883 595 ubi
903 556 918 607 Η
938 557 1166 596 miraculum
1186 558 1308 596 fuerat
1334 566 1543 607 patratum.
1562 565 1606 597 W
1622 565 1687 598 164

133 618 320 667 Egressus
349 624 413 656 est
433 622 561 655 autem
590 629 656 667 per
684 629 726 655 se
754 619 901 665 ipsum
920 616 1115 667 piissimus
1134 617 1340 667 imperator
1360 631 1438 655 una
1458 631 1544 656 cum

132 676 300 715 Proculo
330 675 614 726 archiepiscopo
634 681 668 713 et
697 681 827 714 cuncto
848 675 948 713 clero
977 678 1300 726 universoque
1327 677 1479 726 populo,
1510 682 1545 714 et

132 736 232 774 facta
276 740 329 773 est
366 734 508 773 letania
542 747 686 783 magna
719 734 841 772 ualde.
898 734 1104 773 Venientes
1143 740 1271 772 autem
1313 736 1360 773 ad
1401 736 1546 773 locum

135 799 300 844 quatuor
329 794 624 843 columpnarum
653 799 689 831 et
726 793 824 831 facta
861 793 1033 832 oratione
1068 806 1156 832 cum
1194 793 1370 843 precibus
1405 794 1545 837 multisv
1579 796 1626 832 10

134 852 302 903 precepit
344 852 551 902 imperator
593 852 781 890 adducere
821 852 990 890 loculum
1032 852 1153 899 illum,
1196 854 1319 890 sicut
1358 854 1546 900 facente,

130 925 222 951 cum
252 924 345 950 auro
373 917 411 950 et
430 911 598 961 epistola.
655 911 781 958 Quam
802 911 1000 961 epistolam
1030 911 1115 950 fecit
1142 912 1259 961 legt'**
1281 914 1320 948 in
1350 919 1546 961 conspectu

133 973 302 1010 omnium
332 971 572 1020 populorum,
629 971 714 1017 Qua
741 969 906 1020 perlecta
945 976 1210 1020 cognouerunt
1246 983 1380 1008 omnes
1420 970 1546 1020 populi

132 1029 462 1079 magnitudinem*
482 1029 655 1068 miraculi
683 1035 720 1068 et
746 1029 928 1068 uirtutem
957 1030 1102 1068 domini
1130 1029 1252 1068 nostri
1271 1030 1385 1068 Ihesu
1405 1029 1546 1068 Christi

135 1101 288 1128 necnon
327 1094 363 1127 et
407 1087 581 1127 firmam*
619 1088 734 1127 fidem
777 1088 970 1127 Theodori
1013 1102 1127 1138 quarn
1168 1089 1204 1126 in
1250 1088 1332 1138 ipso
1366 1089 1546 1128 habebat.
1580 1089 1624 1127 15

133 1148 246 1186 Tunc
276 1147 442 1197 precepit
478 1148 684 1198 imperator
719 1148 854 1186 donari
889 1160 1028 1186 aurum
1065 1147 1158 1186 illud
1191 1152 1322 1186 sancte
1360 1148 1544 1198 ymagini3

134 1207 303 1245 loculum
339 1212 468 1245 autem
509 1206 617 1245 iussit
650 1206 815 1256 appendi
843 1212 933 1245 ante
971 1212 1219 1257 conspectum
1257 1206 1350 1245 eius.
1407 1207 1452 1245 Et
1490 1214 1546 1245 est

134 1266 186 1304 ibi
215 1279 339 1315 usque
377 1266 424 1304 ad
463 1271 680 1315 presentem
718 1265 819 1304 diem
862 1267 908 1304 ad
946 1265 1213 1304 certitudinem
1248 1266 1334 1304 fidei
1371 1266 1545 1304 omnium

134 1325 377 1363 intuentium.

241 1384 334 1423 Post
373 1385 445 1422 hec
487 1389 616 1422 autem
657 1384 748 1422 abiit
775 1384 1002 1423 Theodorus
1042 1397 1120 1422 una
1154 1397 1241 1422 cum
1280 1384 1464 1422 Abrainio
1498 1385 1545 1423 ad
1575 1385 1625 1421 20

137 1456 290 1489 nauem,
334 1449 374 1481 ut
415 1442 591 1481 uiderent
630 1447 810 1493 stagnum
853 1448 888 1481 et
930 1444 1133 1494 plumbum
1180 1444 1282 1493 quod
1323 1444 1544 1482 adduxerat.

132 1503 246 1551 Quod
267 1502 459 1540 intuentes
479 1501 777 1551 diligentissime,
807 1507 843 1541 et
872 1515 959 1541 ecce
978 1508 1159 1552 stagnum
1179 1515 1295 1541 omne
1314 1515 1546 1541 conuersum

137 1567 217 1601 erat
245 1562 284 1599 in
315 1561 628 1612 probatissimum
657 1567 871 1612 argentum,
910 1563 1011 1611 quod
1041 1562 1176 1600 dicitur
1212 1561 1545 1612 pentasfragiston,

136 1622 338 1671 plumbum
368 1634 460 1659 uero
489 1626 703 1671 argentum,
734 1622 800 1660 sed
830 1634 908 1660 non
929 1621 983 1660 sic
1012 1627 1228 1672 purgatum.
1284 1621 1546 1659 Animirantes

135 1686 265 1719 autem
295 1693 410 1730 super
439 1680 507 1718 Dei
536 1680 726 1728 magnalia
755 1685 791 1719 et
819 1680 1137 1726 benedictionem,
1173 1680 1437 1729 glorificabant
1465 1680 1545 1718 eins
1575 1679 1624 1716 25

134 1739 338 1786 mirabilia,
382 1739 580 1790 signaque
618 1753 759 1789 magna
797 1745 832 1778 et
860 1739 1046 1790 prodigia;
1089 1745 1124 1777 et
1159 1744 1462 1777 annumerantes
1492 1739 1545 1776 in-

137 1804 328 1837 uenerunt
357 1801 557 1848 arqenti
585 1798 805 1837 centenaria
838 1799 958 1837 multa
995 1798 1119 1836 nimis.
1177 1798 1383 1836 Abramius
1419 1803 1545 1836 autem

136 1857 229 1896 dixit
273 1858 494 1896 Theodoro:
540 1857 702 1896 Domine
743 1858 956 1903 Theodore,
1000 1859 1174 1896 indicaui
1214 1857 1253 1894 in
1292 1856 1422 1895 animo
1459 1869 1545 1894 meo

137 1923 285 1966 partem
313 1929 440 1954 meam
469 1918 516 1955 de
543 1923 701 1966 argento
731 1917 866 1955 offerre
895 1916 1123 1955 dominatori
1150 1929 1238 1954 meo
1266 1916 1378 1954 Ihesu
1396 1915 1546 1954 Christo

137 1976 200 2025 qui
245 1988 307 2013 me
350 1976 500 2013 saluum
541 1975 626 2014 fecit
664 1980 700 2014 et
734 1975 870 2014 direxit
902 1989 964 2014 me
993 1977 1040 2014 ad
1078 1975 1240 2013 salutem
1279 1980 1316 2013 et
1349 1975 1397 2013 ad
1426 1975 1545 2012 uitam
1575 1974 1625 2011 30

130 2039 328 2073 eternam.
373 2034 442 2072 Cui
456 2034 704 2072 Theodorus*
723 2034 938 2084 respondit:
968 2034 1072 2072 Bene
1101 2033 1362 2080 considerasti,
1391 2033 1546 2072 domine

137 2093 190 2131 mi
220 2092 421 2139 Abramie;
452 2094 562 2131 crede
590 2092 706 2131 michi
728 2093 816 2142 quia
843 2098 880 2131 et
909 2106 978 2143 ego
998 2095 1052 2131 sic
1071 2091 1240 2142 disposui
1268 2092 1403 2131 facere.
1448 2092 1545 2130 Con-

139 2151 322 2190 uentione
354 2156 482 2190 autem
512 2152 609 2190 sacta
637 2151 808 2201 utrique*
836 2154 970 2190 «inter
996 2165 1058 2197 se,
1098 2151 1316 2201 optulerunt
1345 2156 1545 2201 argentum

137 2210 264 2260 ipsum
294 2210 332 2248 in
362 2215 533 2248 sanctam
563 2210 758 2260 Sophiam.

246 2269 421 2307 Audiens
450 2274 579 2307 autem
598 2269 803 2319 imperator
832 2269 974 2308 bonam
1002 2269 1155 2307 illorum
1173 2269 1413 2308 affectionem
1432 2273 1545 2317 atque
1574 2270 1624 2305 30

139 2329 391 2379 propositum,
419 2328 572 2366 laudem
602 2328 703 2367 dedit
731 2328 809 2367 Deo
839 2328 958 2367 datori
988 2328 1161 2367 omnium
1191 2329 1395 2367 bonorum.
1443 2328 1545 2366 Fecit

138 2388 264 2437 itaque
295 2387 422 2425 uocari
451 2389 508 2425 ad
535 2401 583 2425 se
611 2387 848 2435 Zachariam,
879 2387 1044 2437 primum
1074 2387 1334 2438 argentarium
1363 2386 1480 2427 urbis.
1511 2392 1545 2424 et

252 2530 265 2562 1
296 2533 334 2562 ut
353 2530 408 2569 :2⁵3
436 2528 627 2572 baptizaret
653 2530 708 2570 28;
735 2529 914 2573 baptizare
937 2531 973 2563 18
994 2528 1034 2571 (22)
1086 2530 1103 2562 7
1132 2533 1182 2563 est
1200 2529 1236 2562 25
1283 2528 1328 2562 30
1353 2527 1489 2562 saluum
1510 2527 1547 2559 :2¹⁸

211 2705 400 2738 Sammlung
419 2704 726 2733 mittenateinischer
742 2705 848 2732 'rezne⁴
892 2714 912 2732 ι.
