1834 2967
678 138 966 174 *117—

116 270 153 303 et
183 262 322 314 parcite
351 261 467 301 michi
496 260 679 311 quidquid
714 259 868 311 peccaui
895 259 933 297 in
964 272 1047 298 uos.
1104 259 1150 296 Et
1186 257 1317 297 exiens
1351 271 1432 296 non
1470 262 1526 296 est

116 321 301 372 amplius*
330 320 425 360 uisa.
482 321 582 359 Cum
616 325 745 358 autem
780 320 876 357 facta
904 323 1005 356 esset
1033 316 1125 363 dies,
1162 316 1385 366 quesierunt
1421 329 1525 363 eam3

116 383 183 420 sed
212 394 291 419 non
321 386 378 419 est
406 380 577 418 inuenta.
633 379 679 417 Et
707 379 893 417 abeuntes
923 378 969 415 ad
998 381 1148 427 portam
1176 375 1412 414 inuenerunt
1441 388 1527 414 eam

118 446 290 491 apertam
318 446 354 478 et
374 438 575 490 epistolam
593 437 774 488 scriptam
803 435 937 475 taliter.
978 437 1115 474 Factus
1145 440 1202 473 est
1231 448 1320 484 ergo
1352 435 1526 484 planctus

116 513 285 549 magnus
312 498 353 536 in
383 505 458 537 toto
486 495 732 536 monasterio.
788 496 834 533 Et
862 494 913 534 ait
942 508 1077 533 senex:
1115 494 1193 544 Ego
1231 498 1387 544 propter
1414 493 1528 532 istam
1582 494 1605 530 ἴ)

116 557 206 597 ueni
234 559 322 597 huc.
380 557 493 596 Tales
522 555 627 595 enim
653 553 853 593 hebriosos
881 552 999 603 diligit
1026 554 1143 591 Deus.

223 616 330 667 Cepit
371 621 500 655 autem
541 612 785 664 congregatio
829 626 1008 651 sororum
1043 610 1217 650 confiteri
1260 609 1343 649 seni
1378 624 1527 660 queque

115 677 217 715 mala
245 680 442 726 gesserant
459 673 499 712 in
521 687 618 719 eam,
649 677 852 723 querentes
883 670 1133 722 penitentiam
1152 671 1200 709 ab
1221 683 1278 708 eo.
1321 671 1367 708 Et
1386 669 1528 709 faciens

117 749 235 774 senex
265 734 477 774 orationem
506 732 716 779 sororibus,
753 745 933 770 reuersus
963 737 1021 769 est
1054 729 1093 768 in
1130 731 1265 768 cellam
1295 743 1406 768 suam
1439 742 1529 767 cum

117 794 315 845 discipulo⁷
356 792 609 843 glorificantes
648 797 684 830 et
712 790 851 841 gratias
895 795 1050 840 agentes
1086 789 1178 835 Deo,
1220 788 1285 838 qui
1321 789 1426 827 solus
1461 787 1529 826 scit
1563 789 1610 825 10

118 859 283 903 quantos
312 865 447 891 seruos
477 857 513 890 et
542 849 698 889 ancillas
727 851 841 888 habet
871 849 1050 888 occultos.
1073 847 1087 899 ΙΙ
1543 852 1647 885 Κ166

366 1046 437 1087 41.
479 1046 551 1087 De
591 1043 800 1098 quodam
838 1042 1028 1084 lubrico
1067 1041 1319 1083 monacho.

114 1141 269 1230 Venit
303 1140 508 1190 aliquando
544 1139 662 1177 abbas
699 1144 735 1177 et
770 1137 971 1189 episcopus
1006 1138 1221 1176 Ammonas
1257 1136 1298 1175 in
1336 1138 1530 1186 quendam

215 1202 345 1239 locum
373 1205 416 1238 ut
445 1204 615 1248 gustaret
642 1197 943 1236 cumfratribus
987 1197 1033 1235 Et
1053 1202 1132 1235 erat
1159 1196 1213 1235 ibi
1240 1197 1354 1235 frater
1374 1195 1530 1245 quidam

114 1259 182 1309 qui
209 1260 377 1298 habebat
405 1265 558 1309 turpem
586 1258 740 1296 famam.
798 1255 964 1306 Contigit
998 1269 1092 1295 uero
1126 1261 1168 1294 ut
1203 1254 1353 1294 ueniret
1386 1254 1528 1294 femina
1561 1257 1607 1293 15

117 1325 153 1358 et
179 1317 354 1357 introiret
372 1317 411 1356 in
433 1317 567 1355 cellam
587 1315 711 1355 fratris
739 1314 852 1354 illius.
897 1316 980 1354 Hoc
999 1320 1274 1365 cognoscentes
1294 1313 1528 1353 habitatores

118 1377 190 1416 loci
218 1377 330 1424 illius,
360 1374 578 1415 conturbati
607 1380 698 1414 sunt
725 1374 765 1413 in
796 1380 958 1422 tantum,
989 1380 1031 1412 ut
1067 1375 1299 1424 expellerent
1324 1374 1481 1412 fratrem
1509 1386 1529 1411 e

114 1437 208 1476 cella
242 1450 323 1475 sua.
380 1436 428 1474 Vt
463 1440 593 1474 autem
612 1433 627 1485 ΙΙ
647 1439 913 1484 cognouerunt
954 1432 1043 1483 quia
1077 1432 1278 1484 episcopus
1313 1433 1672 1472 AmmonasE183v

117 1502 174 1535 est
200 1495 240 1534 in
279 1497 362 1534 loco
394 1495 470 1541 illoy
507 1493 708 1533 uenientes
743 1495 929 1544 rogabant
970 1507 1060 1532 eum
1099 1499 1141 1531 ut
1177 1492 1292 1531 simul
1333 1505 1424 1530 cum
1456 1491 1530 1530 illis

119 1555 240 1594 abiret
268 1556 315 1594 ad
343 1555 478 1593 cellam
505 1553 644 1592 fratris,
1559 1553 1610 1590 ΞΟ

222 1615 271 1653 Vt
298 1628 390 1653 uero
418 1612 601 1663 cognouit
629 1614 744 1651 frater
780 1612 993 1650 aduentum
1022 1625 1157 1650 eorum
1194 1617 1230 1649 et
1264 1624 1344 1649 non
1372 1611 1532 1649 haberet

117 1673 208 1724 quid
236 1674 386 1721 faceret⁷
417 1674 553 1712 tollens
573 1671 775 1711 mulierem
795 1670 993 1710 abscondit
1022 1684 1107 1710 eam
1134 1670 1174 1708 in
1195 1669 1341 1709 dolium
1360 1663 1528 1708 uaCuum

115 1734 218 1782 quod
246 1733 414 1772 habebat
431 1731 470 1770 in
500 1732 593 1770 cella
613 1737 648 1770 et
676 1730 883 1781 cooperuit.
906 1729 920 1779 ll
942 1731 1076 1780 Cogno
1103 1729 1157 1768 uit
1178 1735 1308 1768 autem
1327 1728 1528 1780 episcopus
1545 1711 1672 1800 [¹133ssssss

118 1805 184 1842 per
224 1791 400 1842 spiritum
428 1792 530 1841 quod
570 1791 683 1829 frater
720 1791 876 1836 fecerat3
913 1795 948 1828 et
976 1790 1112 1828 uolens
1149 1787 1342 1839 cooperire
1375 1789 1532 1826 fratrem

118 1856 272 1901 propter
300 1851 426 1889 Deum
452 1857 496 1889 ut
525 1864 603 1889 non
632 1854 927 1899 cognosceretur
955 1863 977 1887 a
1005 1847 1249 1886 multitudine
1278 1852 1406 1886 reatus
1436 1846 1530 1894 eius,
1560 1849 1610 1886 25

118 1908 276 1948 intrauit
305 1915 340 1948 et
369 1908 465 1948 sedit
494 1923 609 1960 super
639 1922 681 1947 os
712 1907 801 1947 dolii
821 1914 857 1946 et
877 1907 1043 1958 precepit
1071 1913 1113 1946 ut
1142 1905 1406 1957 exquireretur
1424 1907 1530 1946 cella.

119 1969 332 2016 Querentes
370 1982 464 2007 uero
499 1967 642 2018 ubique
680 1981 746 2018 per
782 1973 902 2006 totam
936 1968 1071 2006 cellam
1106 1973 1141 2006 et
1175 1981 1254 2006 non
1288 1965 1531 2006 inuenientes

119 2027 315 2075 feminam,
345 2027 437 2067 dixit
465 2026 667 2078 episcopus
680 2029 889 2065 Ammona&
918 2026 1116 2065 fratribus:
1147 2027 1283 2065 Pareat
1311 2025 1422 2064 uobis
1451 2039 1532 2065 om-

120 2086 297 2137 nipotens
326 2087 440 2135 Deus,
469 2089 628 2135 fratres.
685 2087 732 2125 Et
770 2085 911 2125 faciens
949 2085 1163 2124 orationem
1197 2084 1362 2136 precepit
1396 2098 1531 2124 omnes

118 2147 341 2193 abscedere;
385 2152 420 2185 et
462 2147 756 2197 apprehendens
797 2159 959 2184 manum
988 2144 1113 2184 fratris
1151 2143 1244 2184 dixit
1279 2143 1329 2183 ei:
1365 2144 1531 2183 Attende
1559 2145 1611 2182 30

120 2204 354 2255 tibimetipsi,
381 2208 520 2253 frater.
577 2206 623 2244 Et
651 2205 723 2244 hec
751 2204 880 2243 dicens
911 2203 1106 2243 abscessit.

228 2375 270 2409 10
296 2375 429 2418 discip]
463 2377 498 2414 <l—
526 2386 591 2409 suo
617 2374 693 2409 ΕΚ
754 2375 795 2408 12
823 2375 946 2417 Ratun]
977 2373 1043 2415 E²;
1079 2386 1133 2408 om
1160 2375 1200 2407 Κ
1265 2374 1307 2407 14
1339 2375 1384 2417 et]
1419 2385 1473 2408 om
1504 2375 1535 2407 T

122 2430 164 2462 16
189 2429 337 2462 intraret
361 2428 439 2462 ΕΚ
486 2429 525 2461 17
553 2428 588 2462 in
615 2431 756 2462 tantum
782 2432 875 2462 cont.
904 2428 981 2462 ΕΚ
1026 2429 1068 2462 19
1095 2431 1148 2462 est
1174 2448 1217 2452 —-
1243 2427 1316 2470 illo]
1343 2427 1414 2461 illic
1440 2430 1531 2461 esset

120 2483 193 2516 ΕΚ
254 2481 305 2524 ut]
333 2491 386 2514 om
417 2482 449 2515 T
507 2481 551 2514 ⁶23
577 2481 678 2523 cella]
706 2483 745 2522 -Ι-
775 2492 840 2515 sua
865 2482 943 2516 ΕΚ
1003 2481 1048 2514 24
1079 2481 1189 2515 frater
1214 2482 1307 2514 B⁸T⁵
1372 2481 1417 2514 95
1443 2478 1531 2523 eius]

119 2535 174 2569 sui
193 2535 268 2568 ΕΚ
315 2533 359 2567 29
386 2533 553 2567 dominus
578 2534 656 2568 ΕΚ
700 2535 747 2567 30
771 2534 992 2578 apprehensa
1018 2545 1129 2568 manu
1153 2534 1230 2568 ΕΚ
