1834 2967
825 110 1089 148 —gg-

254 234 294 272 in
323 246 444 283 paruo
473 235 665 284 tempore*
693 233 875 272 exaltauit
903 238 1055 271 tantum
1085 239 1121 271 et
1149 233 1370 272 humiliauit
1389 233 1531 272 iterum
1559 233 1667 272 simi-

253 293 338 331 liter
368 292 466 331 sicut
485 292 665 344 oportuit.
722 293 888 331 Oremus
917 292 1047 341 itaque
1076 299 1112 330 et
1132 306 1204 330 nos
1233 292 1432 331 humiliari
1460 292 1500 330 in
1530 292 1668 332 timore

254 350 410 390 Domini
439 351 561 390 nostri
589 353 702 390 Ihesu
727 353 887 397 Christi,
916 355 960 389 ut
978 350 1226 389 inueniamus
1246 350 1551 389 misericordiam
1579 357 1667 391 ante

254 410 423 449 tribunal
452 410 534 449 eius
563 411 808 449 tremendum
829 409 1070 448 orationibus
1090 409 1354 448 dominatricis
1375 415 1507 448 nostre
1537 417 1668 450 sancte

202 472 225 509 5
254 469 324 509 Dei
343 469 546 509 Genitricis
577 474 614 508 et
639 468 800 519 uirginis
822 468 940 507 Marie
969 468 1222 518 omniumque
1243 468 1486 507 Sanctorum.
1527 469 1668 509 Amen.

699 646 774 688 28.
820 645 910 700 [De
946 645 1218 700 Eunucho].

255 735 501 822 Eunuchus
531 734 689 784 quidam
707 733 903 773 habitauit
922 734 962 772 in
983 734 1164 774 interiore
1184 735 1340 774 heremo
1362 734 1506 785 Scythi.
1544 734 1670 774 Habe·

346 795 410 833 bat
438 808 532 833 uero
561 795 695 832 cellam
725 807 838 832 suam
866 793 976 843 quasi
1014 794 1170 833 milibus
1200 795 1332 833 decem
1368 799 1404 833 et
1442 800 1527 833 octo
1565 807 1669 845 sepa-

255 859 379 892 ratam
407 868 429 892 a
456 853 650 892 fratribus.
709 853 835 892 Semel
865 859 995 892 autem
1022 853 1062 891 in
1093 854 1308 892 ebdomada
1342 853 1523 892 ueniebat
1558 858 1670 892 nocte

180 915 228 952 10
256 914 304 952 ad
332 913 511 952 abbatem
526 912 725 951 Danielem
744 912 901 950 nemine
930 912 1074 951 sciente
1095 912 1170 951 nisi
1190 918 1341 951 tantum
1370 912 1556 963 discipulo
1576 912 1670 951 eius.

255 971 369 1010 Iussit
397 984 490 1010 uero
520 985 638 1010 senex
667 971 854 1021 discipulo
884 984 967 1018 suo,
1006 977 1049 1010 ut
1077 971 1252 1021 impleret
1280 972 1457 1021 lagenam
1495 985 1594 1021 aqua
1633 977 1670 1010 et

256 1036 424 1081 portaret
460 1031 506 1069 ad
536 1030 666 1081 ipsum
693 1031 920 1069 eunuchum
954 1030 1074 1069 semel
1107 1031 1147 1068 in
1187 1031 1400 1070 ebdomada
1438 1036 1473 1069 et
1511 1036 1671 1081 poneret

256 1090 347 1129 foris
376 1095 465 1129 ante
493 1089 653 1128 ianuam
680 1091 925 1140 pulsaretque
961 1089 1134 1128 hostium
1176 1095 1212 1129 et
1247 1091 1439 1129 recederet
1475 1089 1671 1140 nichilque

257 1149 312 1188 ei*
339 1150 572 1199 loqueretur,
603 1150 669 1188 sed
698 1148 941 1187 solummodo
971 1148 1201 1198 exquireret,
1230 1155 1271 1188 ut
1301 1149 1334 1187 si
1362 1149 1457 1188 forte
1477 1148 1673 1188 inueniret

180 1211 227 1248 15
256 1214 393 1248 testam
422 1208 603 1259 scriptam
631 1208 737 1247 iuxta
765 1207 937 1247 hostium
965 1209 1146 1258 spelunce
1175 1214 1211 1246 et
1239 1209 1444 1247 adduceret
1473 1221 1617 1248 secum.

131 1275 237 1309 T72v
361 1269 404 1306 In
434 1282 513 1306 una
542 1281 695 1317 quoque
724 1267 874 1306 dierum
902 1267 1051 1306 inuenit
1079 1266 1093 1318 ΙΙ
1129 1273 1267 1306 testam
1293 1267 1592 1318 superscriptam
1620 1267 1673 1306 ita

256 1329 466 1366 habentem:
506 1327 649 1366 Adduc·
670 1327 929 1365 instrumenta
965 1332 1001 1365 et
1039 1327 1142 1366 ueni.
1199 1327 1348 1376 Legens
1387 1332 1516 1365 autem
1554 1340 1672 1365 senex

258 1387 487 1437 scripturam
516 1392 622 1433 teste,
661 1386 809 1437 planxit
837 1387 993 1437 planctu
1030 1400 1172 1437 magno
1202 1392 1238 1425 et
1275 1386 1328 1425 ait
1357 1386 1543 1437 discipulo
1581 1399 1671 1425 suo:

131 1453 238 1487 ΒξὶὸΥ
257 1447 362 1486 Leua
403 1448 475 1485 hec
517 1460 612 1486 uasa
654 1452 690 1485 et
726 1446 818 1485 ueni
838 1446 853 1497 ΙΙ
874 1460 1034 1496 sequere
1067 1459 1141 1485 me.
1199 1446 1286 1485 Heu
1324 1460 1470 1493 eamus,
1510 1445 1670 1484 forsitan

131 1511 158 1545 E
176 1512 242 1545 168
259 1507 619 1557 comprehendemus
639 1519 784 1553 senem,
815 1519 864 1545 ne
892 1507 987 1545 forte
1007 1507 1214 1556 perdamus
1234 1505 1428 1544 orationes
1458 1505 1552 1544 eius.
1575 1503 1589 1554 ΙΙ
1611 1505 1671 1543 Ad

257 1565 469 1604 Dominum
497 1565 602 1604 enim
631 1565 763 1616 pergit.
820 1566 866 1604 Et
894 1565 965 1604 iter
995 1570 1150 1615 agentes
1179 1564 1334 1614 utrique
1362 1570 1615 1615 perrexerunt
1635 1569 1672 1602 et

257 1625 494 1663 inuenerunt
523 1638 613 1663 eum
641 1624 932 1663 febricitantem.
989 1624 1199 1663 Procidens
1228 1630 1359 1663 autem
1397 1637 1516 1663 senex
1554 1637 1672 1674 supra

258 1689 390 1734 pectus
419 1684 502 1723 eius
531 1683 637 1722 sseuit
665 1684 843 1722 multum.
880 1684 926 1722 Et
955 1683 1023 1722 ait:
1054 1684 1195 1722 Beatus
1225 1697 1265 1722 es
1289 1683 1354 1733 qui
1382 1684 1505 1722 hanc*
1533 1683 1672 1721 horam

258 1743 524 1782 considerasti.
580 1742 855 1794 Contempsisti
894 1748 1092 1781 terrenum
1120 1756 1283 1792 regnum
1318 1748 1352 1781 et
1387 1743 1607 1781 humanum
1636 1747 1673 1780 et

179 1803 229 1841 25
258 1802 459 1853 adquisisti
488 1816 606 1853 regna
637 1803 818 1842 celorum.
863 1803 907 1841 Et
928 1802 980 1840 ait
1008 1801 1043 1841 ei
1072 1802 1294 1841 eunuchus:
1326 1803 1467 1840 Beatus
1489 1815 1529 1840 es
1560 1807 1597 1839 et
1617 1807 1670 1848 tu,

116 1868 244 1902 K150v
258 1876 360 1901 noue
380 1862 394 1912 ΙΙ
416 1862 642 1901 Habraham
662 1867 698 1900 et
712 1861 912 1912 hospitalis
934 1860 1089 1908 Christi,
1112 1860 1297 1911 quoniam
1315 1862 1484 1899 multum
1498 1861 1672 1899 laborem

258 1921 399 1972 recepit
428 1921 605 1961 Christus
634 1922 680 1960 de
708 1921 791 1960 istis
821 1920 897 1960 tuis
925 1920 1120 1959 manibus.
1178 1920 1281 1958 Dixit
1311 1926 1441 1959 autem
1470 1919 1505 1958 ei
1535 1932 1670 1958 senex:

258 1982 333 2019 Fac
374 1980 487 2019 nobis
529 1980 755 2027 orationem,
798 1986 916 2031 pater.
979 1980 1043 2018 Ait
1086 1979 1119 2018 ei
1163 1980 1383 2019 eunuchus:
1429 1979 1506 2029 Ego
1549 1978 1673 2029 magis

258 2053 414 2079 necesse
442 2041 567 2079 habeo
587 2041 800 2079 multorum
821 2039 1013 2079 orationes
1043 2039 1082 2077 in
1103 2039 1175 2078 hac
1195 2039 1302 2079 hora.
1349 2039 1450 2077 Dixit
1480 2038 1514 2077 ei
1534 2051 1671 2077 senex:

179 2101 230 2139 30
259 2099 300 2138 Si
329 2113 398 2150 ego
428 2099 614 2150 preissem
642 2099 682 2138 in
711 2100 784 2138 hac
814 2099 920 2145 hora,
951 2098 1070 2137 habui
1100 2112 1168 2148 pro
1199 2104 1233 2136 te
1263 2098 1469 2149 deprecari.

364 2159 410 2197 Et
451 2159 622 2198 residens
666 2172 781 2210 super
818 2164 979 2197 mattam
1015 2171 1127 2197 suam
1161 2158 1377 2205 eunuchus,
1421 2156 1673 2208 apprehendit

258 2223 371 2268 caput
413 2218 515 2257 senis
557 2224 594 2257 et
629 2219 874 2258 osculabatur
913 2217 1061 2256 dicens:
1106 2217 1208 2255 Deus
1247 2216 1313 2266 qui
1351 2216 1487 2256 direxit
1529 2229 1591 2255 me
1631 2215 1670 2254 in

365 2345 386 2378 2
413 2344 567 2386 oremus]
598 2347 635 2383 -t-
666 2346 700 2377 et
726 2354 791 2377 nos
816 2344 896 2378 ΕΚ
941 2344 962 2377 5
989 2342 1113 2386 marie]
1142 2346 1181 2383 -ξ-
1210 2341 1321 2376 adiuti
1340 2342 1415 2377 ΕΚ
1466 2341 1484 2375 7
1512 2340 1673 2375 interiori

258 2398 332 2432 ΕΚ
381 2397 488 2432 Scithi
509 2398 564 2437 Κ;
592 2397 699 2431 Schiti
716 2398 754 2431 Ε
801 2399 821 2431 9
840 2396 939 2430 uenit
958 2397 997 2430 K
1048 2397 1088 2430 12
1116 2396 1272 2439 ebdom]
1293 2397 1331 2436 -l—
1353 2399 1386 2429 et
1406 2396 1562 2438 portaret
1580 2395 1677 2428 SBT

262 2452 302 2485 13
329 2451 460 2485 ostium
478 2451 517 2485 E
566 2451 608 2484 15
633 2450 802 2494 scriptam
828 2453 956 2484 testam
977 2450 1016 2483 K
1066 2451 1107 2482 1ίὶ
1135 2449 1241 2491 igitur
1260 2450 1336 2484 ΕΚ
1387 2450 1428 2482 19
1455 2446 1537 2482 ueni
1563 2458 1617 2481 om
1636 2447 1672 2480 K

259 2504 339 2546 heu]
371 2507 409 2545 -l-
439 2502 546 2538 michi
573 2504 650 2538 ΕΚ
698 2504 833 2547 eamus]
862 2512 901 2545 -ς-
933 2503 1002 2536 cito
1029 2503 1123 2545 1·,’Κ;
1151 2513 1275 2536 eamus
1301 2501 1370 2535 cito
1389 2503 1452 2536 Κ”1
1504 2502 1544 2535 21
1575 2511 1673 2534 nam-

258 2568 326 2600 que
354 2558 425 2592 EA·
476 2558 520 2590 ⁶213
547 2567 664 2591 nouus
690 2556 874 2591 Abraham
901 2557 979 2591 ]·,“Κ
1026 2557 1068 2590 27
1097 2555 1220 2600 recipit
1248 2558 1274 2589 S
1321 2555 1442 2599 senex]
1468 2554 1579 2588 abbas
1598 2554 1676 2589 ΕΚ

259 2612 303 2643 :30
329 2610 439 2654 depr.]
465 2621 566 2644 orare
592 2611 670 2645 ΕΚ
