1834 2967
861 181 1117 218 „20-

285 307 370 353 Qua
396 306 544 355 expleta
563 305 727 343 surrexit
755 309 792 343 et
820 309 1066 354 utrasque
1087 305 1233 354 palmas
1263 305 1311 342 ad
1330 305 1455 342 celum
1476 306 1700 354 expandens

286 365 395 403 dixit:
417 363 566 403 Gratias
586 363 652 402 tibi
674 377 756 413 ago,
778 363 997 402 dominator
1016 376 1125 401 meus
1147 363 1262 401 Ihesu
1275 362 1439 409 Christe,
1461 363 1524 412 qui
1544 363 1699 402 saluasti

286 424 456 462 animam
485 435 633 470 meam3
669 427 705 461 et
734 435 839 461 nunc
868 435 999 472 queso,
1039 435 1088 461 ne
1126 422 1370 472 derelinquas
1408 435 1471 460 me
1500 434 1622 471 usque
1659 421 1699 460 in

287 484 403 521 finem
433 488 469 521 et
497 495 547 520 ne
575 486 726 520 auertas
757 480 886 520 fatiem
916 486 1023 520 tuam
1051 495 1073 520 a
1101 494 1176 520 me.

234 543 256 580 5
392 541 474 580 Hec
508 546 545 580 et
586 540 648 579 his
685 540 822 579 similia
850 553 940 579 cum
977 544 1136 587 orasset,
1174 539 1281 578 uenit
1308 540 1356 578 ad
1386 539 1615 578 Abramium
1651 539 1700 578 in

286 602 445 639 domum
473 599 593 639 eius.
635 599 809 649 Cumque
837 599 1044 645 introisset,
1074 600 1183 638 uultu
1211 599 1251 637 in
1279 603 1422 637 terram
1449 598 1621 646 dimisso,
1650 598 1701 637 ait

287 661 334 698 ad
364 672 452 698 eum
471 658 697 697 Abramius:
728 657 892 696 Domine
912 658 1127 705 Theodore,
1157 657 1224 696 ubi
1242 658 1371 696 nunc*
1391 662 1448 696 est
1469 657 1579 696 nauis
1608 661 1699 696 tua?

286 719 356 758 Cui
377 718 622 757 Theodorus:
653 717 695 755 In
716 722 840 768 portu,
871 717 1025 755 domine
1045 716 1111 764 mi,
1142 722 1210 764 est,
1240 717 1306 755 ubi
1326 716 1483 756 solitum
1511 717 1701 756 habemus

286 785 398 817 stare.
443 778 489 816 Et
517 776 746 815 Abramius:
778 776 958 815 Continet
986 789 1028 815 se
1056 777 1232 815 adhuc?
1278 776 1445 814 Necesse
1474 780 1531 815 est
1558 776 1701 825 aliquid

205 840 254 878 10
281 835 523 876 renouari
551 835 591 874 in
621 839 690 874 ea?
731 835 795 873 Ait
815 835 1135 874 Theodorus:
1165 834 1346 873 Continet
1365 848 1418 880 se,
1450 833 1605 874 domine
1632 835 1700 881 mi,

284 902 320 935 et
349 895 465 935 nichil
494 895 600 933 deest
636 893 676 932 in
712 907 777 941 ea3
821 907 912 932 nam
950 894 1105 943 quando
1135 893 1446 943 periclitauimus,
1487 899 1580 932 tunc
1614 907 1700 933 eam

287 954 563 994 renouauimus
592 959 629 992 et
658 953 696 991 in
726 953 809 1002 ipsa
837 952 1016 991 uenimus
1047 965 1169 1002 usque
1197 953 1285 992 huc.
1342 952 1444 991 Dixit
1473 953 1700 992 Abramius:

159 1023 263 1057 E135
288 1015 385 1054 Ecce
412 1014 533 1052 habes
563 1026 585 1051 a
612 1025 675 1051 me
712 1012 804 1050 alias
842 1012 958 1050 libras
979 1010 993 1061 ΙΙ
1014 1011 1096 1050 auri
1135 1011 1431 1061 quinquaginta3
1470 1012 1598 1063 accipe
1636 1026 1700 1051 eas

286 1079 322 1113 et
351 1086 435 1112 eme
465 1072 566 1122 quod
594 1071 661 1110 tibi
690 1084 850 1110 necesse
879 1076 948 1117 est,
978 1076 1015 1109 et
1043 1071 1104 1109 exi
1132 1071 1170 1108 in
1201 1076 1328 1121 partes
1359 1071 1473 1118 Sirie3
1513 1076 1549 1110 et
1587 1084 1701 1121 spero

209 1136 256 1174 15
284 1133 324 1171 in
353 1132 433 1170 Deo
463 1131 550 1180 quia
579 1131 754 1169 ostendet
782 1129 850 1168 tibi
877 1129 1179 1168 misericordiam
1209 1143 1331 1168 suam.

392 1190 585 1230 Continuo
624 1188 754 1228 eduxit
783 1189 991 1228 Abramius
1030 1188 1123 1227 alias
1152 1188 1430 1238 quinquaginta
1463 1189 1581 1228 libras
1619 1189 1702 1228 auri

286 1256 322 1290 et
351 1255 543 1289 uenerunt
563 1249 610 1288 ad
631 1254 794 1298 quatuor
821 1248 1061 1298 columpnas.
1104 1248 1150 1286 Et
1178 1247 1230 1286 ait
1249 1247 1457 1286 Abramius
1478 1248 1699 1287 Theodoro:

285 1311 382 1349 Ecce
410 1314 499 1348 ante
533 1313 782 1358 conspectum
817 1306 1069 1357 antiphonitis
1097 1308 1152 1346 tui
1181 1309 1229 1346 do
1259 1306 1326 1346 tibi
1364 1313 1401 1346 et
1438 1308 1512 1346 hoc
1550 1320 1700 1347 aurum.

285 1369 425 1419 Accipe
453 1374 489 1407 et
509 1368 606 1407 uade
635 1368 676 1406 in
704 1380 809 1417 pace.
849 1367 1003 1405 Etcum
1032 1366 1249 1405 tradidisset
1268 1366 1476 1405 Abramius
1497 1367 1702 1406 Theodoro

207 1431 258 1468 ΞΟ
286 1441 423 1467 aurum
452 1428 492 1466 in
520 1427 713 1473 manibus,
743 1439 922 1465 reuersus
952 1430 1009 1464 est
1039 1425 1077 1464 in
1108 1427 1268 1464 domum
1303 1439 1427 1464 suam.
1484 1426 1569 1465 Hoc
1597 1426 1701 1465 enim

161 1496 264 1529 K117
285 1492 475 1538 protector
512 1492 549 1526 et
587 1486 756 1525 saluator
794 1485 1037 1525 anillmarum
1073 1486 1207 1524 Ihesus
1237 1485 1414 1524 Christus
1457 1486 1503 1524 ad
1539 1486 1699 1524 salutem

286 1547 491 1586 amborum
520 1551 699 1596 operatus
729 1550 797 1584 est.

178 1614 255 1647 861
392 1606 639 1645 Consortatus
667 1610 798 1644 autem
818 1603 833 1655 Η
853 1604 1096 1649 Theodorus,
1126 1617 1288 1654 surgens
1317 1604 1408 1642 emit
1437 1603 1700 1648 mercimonia,

286 1665 395 1705 sicuti
423 1665 550 1716 priora
577 1665 744 1711 fuerunt,
784 1664 1067 1713 conduxitque
1103 1669 1239 1702 nautas
1278 1668 1314 1702 et
1343 1663 1517 1702 onerauit
1546 1676 1699 1702 nauem.

206 1727 255 1764 25
286 1725 384 1764 Cum
412 1729 542 1763 autem
570 1724 742 1763 exiturus
772 1728 884 1769 esset,
919 1723 1025 1762 uenit
1054 1724 1101 1762 ad
1130 1723 1206 1761 iam
1236 1722 1355 1761 dictas
1384 1722 1622 1773 columpnas,
1653 1724 1701 1761 ad

286 1797 400 1823 suum
429 1782 700 1834 antiphonitin,
738 1788 774 1821 et
803 1781 961 1832 procidit
990 1781 1030 1820 in
1066 1782 1202 1821 faciem
1237 1788 1326 1820 ante
1363 1781 1601 1832 inmaginem
1630 1783 1700 1820 sal-

286 1842 442 1890 uatoris,
490 1843 649 1892 rogabat
689 1842 893 1892 supliciter,
937 1846 978 1880 ut
1021 1842 1228 1880 custodiret
1266 1854 1354 1879 eum
1396 1841 1444 1879 ab
1483 1840 1700 1880 imminenti

287 1902 452 1952 periculo
474 1907 511 1941 et
540 1901 793 1941 ssuctuacione
813 1900 1023 1951 procellosa
1051 1907 1166 1951 atque
1186 1915 1208 1940 a
1227 1901 1265 1939 ui
1281 1906 1500 1939 uentorum.
1542 1901 1700 1951 Expleta

286 1975 378 2000 uero
404 1961 589 2008 oratione,
619 1960 711 2000 abiit
740 1962 788 1999 ad
812 1960 1041 2000 Abramium
1073 1960 1328 2010 salutauitque
1358 1973 1447 1998 eum
1475 1960 1697 1999 honorifice.

206 2023 258 2060 30
286 2020 387 2058 Dixit
407 2026 536 2059 autem
561 2019 788 2059 Abramius:
819 2020 982 2058 Domine
1003 2020 1216 2066 Thendore,
1246 2032 1434 2058 conserua
1453 2019 1699 2069 temetipsum

288 2084 325 2117 et
355 2092 434 2117 non
464 2079 622 2129 nauiges
651 2079 806 2118 hiemali
835 2085 1017 2129 ternpore.
1076 2079 1116 2117 Si
1145 2084 1273 2117 autem
1302 2091 1390 2117 cum
1415 2078 1482 2117 Dei
1510 2078 1698 2117 adiutorio

286 2137 502 2176 uendideris
531 2138 782 2177 mercimonia
802 2143 838 2177 et
867 2137 1062 2176 inueneris
1093 2138 1222 2177 fideles
1241 2137 1420 2176 homines
1444 2138 1508 2187 qui
1536 2138 1612 2176 huc
1634 2151 1700 2189 per

285 2202 423 2235 terram
455 2197 624 2244 ueniant,
655 2197 774 2248 dirige
804 2197 914 2236 nobis
936 2210 982 2235 ex
1012 2197 1095 2248 ipso
1123 2196 1250 2248 precio
1273 2203 1460 2247 quantum
1489 2197 1606 2236 uales.
1655 2197 1701 2235 Et

287 2255 316 2294 si
347 2256 453 2301 forte,
484 2257 584 2305 quod
614 2256 724 2303 absit,
764 2256 933 2295 euenerit
961 2256 1102 2305 aliquid
1131 2256 1168 2294 in
1199 2256 1307 2302 mari,
1348 2256 1522 2295 inuenies
1552 2261 1698 2306 partem

207 2318 257 2355 35
287 2314 451 2363 aliquam
482 2321 674 2354 seruatam
705 2317 742 2354 in
772 2321 885 2355 terra.
929 2315 999 2354 Cui
1020 2316 1247 2354 Theodorus
1268 2316 1480 2366 respondit:
1513 2315 1698 2354 Voluntas

397 2469 440 2502 10
467 2468 515 2502 ait
545 2490 583 2493 ν
612 2468 647 2501 iii
675 2479 715 2502 ea
746 2469 809 2501 li'm
862 2469 900 2502 11
931 2469 1120 2503 renouauit
1146 2479 1226 2502 eam
1254 2470 1288 2502 A·
1336 2470 1376 2501 113
1403 2468 1501 2511 alias}
1534 2472 1570 2509 ÷
1599 2468 1698 2511 quin-

286 2532 389 2565 quag.
409 2523 449 2555 K
498 2521 540 2554 14
566 2520 662 2564 Syrie
688 2522 764 2555 EK
798 2523 842 2555 223
871 2522 976 2563 igitur
1005 2523 1076 2555 ΕΚ
1111 2522 1208 2563 emit]
1237 2522 1334 2555 uenit
1362 2520 1414 2555 K¹
1456 2522 1502 2555 24
1527 2521 1698 2555 conduxit

286 2586 428 2619 quoque
461 2576 494 2608 Ε
554 2574 656 2608 cond.
685 2577 804 2608 autem
834 2576 873 2609 K
931 2576 1074 2617 nauem]
1113 2578 1149 2615 -ξ-
1185 2586 1287 2609 suain
1315 2576 1354 2608 K
1413 2575 1455 2608 ‘27
1483 2574 1597 2618 suppl.
1629 2576 1697 2609 ΕΚ

287 2630 325 2661 ,Ἣ
367 2627 527 2669 nauigies
564 2629 599 2660 Κ
663 2627 816 2671 hyemali
853 2630 889 2661 K
952 2629 1061 2662 adiul.
1093 2629 1148 2662 dei
1188 2629 1227 2661 K
1289 2629 1333 2659 35,
1375 2631 1623 2662 conseruatam
1667 2629 1700 2661 Κ
