1834 2967
704 124 961 160 ,99-

130 245 237 283 niam
265 251 448 294 uestram,
478 251 732 295 compunctus
753 258 851 284 sum.
910 245 984 283 Sed
1012 246 1120 289 uade,
1152 244 1319 291 domina,
1349 246 1396 283 ad
1425 246 1540 284 talem

129 305 259 343 locum
274 304 381 343 iuxta
406 318 565 342 murum
586 303 751 343 ciuitatis
771 310 807 342 et
832 305 917 342 fode
937 310 972 342 et
991 317 1086 352 quas
1107 303 1304 342 inueneris
1325 303 1507 354 pecunias
1528 302 1542 355 ΙΙ
1559 310 1641 344 Τ80

130 364 230 409 tolle,
260 369 296 402 et
324 363 516 402 habebitis
546 364 698 413 explere
718 362 925 401 creditores
954 368 1104 401 uestros
1134 368 1169 401 et
1197 362 1472 410 liberabimini;
1505 368 1541 402 et

131 422 247 460 aliam
267 421 282 472 ΙΙ
303 422 610 461 benedictionem
639 421 845 472 plurimam
872 421 1064 459 habebitis
1083 420 1261 459 inuenire
1290 427 1325 459 et
1346 427 1449 460 orate
1471 435 1539 472 pro
1553 427 1682 462 Blo4v

130 494 204 528 me,
234 487 275 519 ut
305 480 474 530 aliquam
502 480 702 519 inueniam
730 481 832 529 apud
861 480 984 518 Deum
1012 479 1326 518 misericordiam.
1596 483 1620 519 5

238 540 283 578 Et
312 545 397 590 post
425 552 566 590 paucos
597 538 677 577 dies
706 538 813 577 uenit
834 551 964 588 preses
993 537 1033 576 in
1065 537 1260 576 ciuitatem
1289 543 1324 576 et
1354 539 1541 588 precepit*

131 599 292 637 educere
320 599 509 637 latronem
528 604 562 636 et
580 603 668 636 ante
687 611 725 635 se
744 603 865 644 stare3
896 602 931 635 et
952 596 1164 646 exquisitus
1186 598 1231 634 de
1262 597 1440 647 operibus
1462 597 1542 636 suis

131 657 231 696 dedit
260 657 295 696 ei
323 656 555 695 sententiam
583 655 745 706 presidis
765 661 808 694 ut
827 655 949 706 capite
969 654 984 706 ΙΙ
1005 655 1217 706 puniretur.
1261 656 1305 694 Et
1325 657 1400 694 hoc
1428 659 1538 695 iuncta
1555 663 1660 697 Κ156

130 719 354 754 sententiam
376 717 549 766 presidis
570 716 803 765 completum
822 721 887 753 est.
918 715 1009 753 Post
1029 728 1149 753 unam
1168 715 1270 753 diem
1290 714 1384 753 dixit
1402 715 1542 753 mulier

130 774 215 813 uiro
245 788 334 813 suo:
376 775 505 813 Placet
534 773 616 820 tibi,
654 773 809 812 domine
837 773 903 820 mi,
940 778 982 812 ut
1011 775 1152 812 uadam
1189 773 1257 812 ubi
1298 773 1391 812 dixit
1428 774 1541 813 nobis
1574 776 1622 814 10

128 834 237 880 latro,
267 833 301 872 si
329 834 424 872 forte
452 847 545 872 uera
573 832 694 872 dixit?
751 832 828 880 Qui
856 832 971 871 dixit:
1003 833 1050 871 Vt
1079 832 1148 871 tibi
1175 832 1340 871 uidetur.

237 893 392 931 Tollens
421 898 552 931 autem
570 892 710 931 mulier
730 905 898 942 paruum
916 891 1136 938 fossorium,
1167 891 1336 930 serotino
1358 897 1541 942 tempore,

130 951 223 991 abiit
251 953 298 990 ad
326 952 466 990 locum.
523 952 569 990 Et
597 964 687 990 cum
714 950 884 998 fodisset,
914 950 1064 989 inuenit
1103 952 1290 989 cacabum
1318 956 1543 1001 coopertum

129 1011 363 1062 plenumque
392 1010 566 1061 pecunia,
597 1016 633 1049 et
661 1010 798 1049 tollens
827 1023 913 1048 eam
941 1009 1046 1048 abiit.
1069 1008 1084 1059 ΙΙ
1104 1010 1149 1048 Et
1187 1011 1395 1059 prudenter
1425 1016 1682 1060 agensE173v

130 1084 268 1120 parum
287 1083 333 1109 ac
354 1083 491 1120 parum
510 1069 612 1108 dedit
633 1068 744 1119 quasi
763 1070 811 1107 ab
832 1068 966 1107 alienis
986 1074 1188 1115 mutuans;
1216 1074 1252 1107 et
1272 1069 1326 1108 sic
1346 1070 1542 1119 complens
1575 1071 1621 1108 15

131 1129 305 1168 debitum
332 1128 511 1167 liberauit
539 1128 671 1167 uirum
699 1141 826 1167 suum.

237 1189 282 1226 Et
302 1187 450 1226 dicebat
478 1187 545 1237 qui
573 1188 644 1226 hec
673 1186 864 1226 narrauit:
895 1187 992 1225 Ecce
1012 1186 1111 1225 sicut
1130 1186 1171 1225 hi
1191 1189 1257 1237 qui
1277 1186 1542 1226 custodierunt

131 1253 352 1298 preceptum
382 1246 548 1293 Domini,
578 1246 630 1285 ita
651 1251 687 1285 et
715 1245 796 1296 ipse
824 1245 1087 1295 magnificauit
1105 1245 1410 1284 misericordiam
1429 1259 1541 1284 suam

131 1320 220 1345 cum
249 1319 315 1345 els.

275 1460 350 1501 33.
386 1459 460 1501 De
488 1460 660 1501 sancto
689 1458 1003 1513 Apollinario
1034 1457 1393 1500 Alexandrino.
1568 1466 1620 1503 ΞΟ

129 1548 351 1636 Presbiter
379 1547 548 1598 quidam⁷
578 1548 716 1586 Petrus
747 1546 917 1594 nomine,
957 1546 1121 1586 ueniens
1156 1561 1178 1585 a
1206 1547 1331 1585 Roma
1369 1547 1543 1586 narrauit

222 1607 334 1646 nobis
355 1608 400 1646 de
429 1612 562 1646 sancto
576 1605 813 1657 Apollinario
833 1620 932 1657 papa
951 1606 1228 1652 Alexandrino,
1258 1606 1347 1655 quia
1375 1607 1542 1644 multum

130 1672 210 1706 erat
238 1666 458 1705 misericors
488 1671 524 1705 et
553 1665 802 1716 compatiens.
859 1664 1016 1703 Dicebat
1045 1664 1150 1703 enim
1188 1670 1223 1703 et
1259 1666 1333 1703 hoc
1362 1662 1541 1714 de'ipso,

131 1726 315 1776 quoniam
343 1731 424 1764 erat
453 1725 611 1776 quidam
638 1724 793 1763 iuuenis
830 1724 870 1762 in
899 1723 1133 1762 Alexandria
1171 1724 1237 1773 qui
1286 1725 1407 1762 suerat
1442 1723 1542 1762 filius

131 1799 177 1824 ex
205 1784 396 1835 primariis
417 1784 581 1823 ciuitatis
603 1783 804 1822 cuiusdam
831 1783 872 1821 in
893 1782 1075 1833 dignitate
1095 1788 1131 1821 et
1151 1782 1294 1821 diuitiis
1323 1788 1540 1833 prepotens.
1570 1783 1620 1821 25

130 1845 294 1892 Quando
337 1857 430 1882 uero
473 1844 676 1882 defunctus
718 1848 775 1881 est
817 1847 924 1892 pater
966 1841 1062 1888 eius⁷
1105 1841 1249 1880 dimisit
1292 1841 1468 1880 diuitias*
1508 1841 1543 1880 ei

131 1904 274 1942 multas
302 1902 342 1941 in
371 1917 466 1942 auro
495 1908 532 1941 et
560 1907 718 1951 argento
747 1907 784 1940 et
813 1901 992 1940 nauibus.

238 1962 311 2000 Hic
351 1968 481 2001 autem
526 1961 680 2000 iuuenis
723 1974 799 1999 non
849 1965 935 2010 post
976 1960 1145 1998 multum
1185 1965 1337 2010 tempus
1380 1959 1542 2011 perdidit

134 2021 265 2060 omnia
294 2026 330 2060 et
367 2023 414 2060 ad
444 2026 709 2071 paupertatem
737 2019 893 2058 deuenit
927 2018 1116 2065 ultimam,
1155 2031 1233 2056 non
1264 2020 1541 2057 commedendo

133 2085 170 2119 et
188 2079 417 2118 luxuriendo
434 2079 659 2130 disperdens
674 2092 730 2125 ea,
760 2079 827 2117 sed
847 2077 1097 2128 periclitando
1127 2077 1354 2127 diuersaque
1374 2079 1541 2128 dampna
1569 2079 1622 2117 30

131 2139 321 2190 patiendo.

242 2299 255 2330 1
284 2296 388 2339 uade]
418 2298 456 2336 -ἱ-
485 2296 592 2330 modo
626 2297 702 2330 EK
765 2297 786 2330 3
813 2296 917 2338 cred]
958 2295 1135 2329 debitores
1161 2297 1234 2330 BT
1294 2296 1315 2328 5
1350 2295 1469 2339 deum]
1500 2299 1539 2337 4-

130 2349 312 2384 inueniam
345 2350 385 2383 K
455 2350 475 2383 6
513 2348 577 2392 et²]
610 2360 665 2383 om
698 2348 788 2383 EK¹
862 2350 880 2382 7
920 2348 1022 2382 educi
1055 2349 1133 2383 EK
1201 2349 1222 2382 8
1259 2348 1436 2383 sententia
1469 2350 1545 2383 ΕΚ

131 2405 152 2436 9
179 2402 339 2447 presidis]
377 2412 495 2445 preses
520 2401 635 2442 B²T²;
675 2405 714 2435 ut
731 2402 844 2446 capite
879 2421 923 2425 —
958 2401 1107 2445 presidis
1149 2402 1206 2435 Tm
1279 2402 1443 2445 conpleto
1468 2403 1544 2436 EK

134 2457 172 2490 11
203 2456 329 2490 dixerit
347 2456 418 2489 ΕΚ
471 2455 511 2488 12
538 2454 711 2489 fosorium
728 2456 769 2489 K
818 2456 859 2489 13
885 2455 940 2498 ad]
966 2455 1002 2488 in
1020 2455 1090 2488 BT
1134 2454 1266 2497 locum]
1295 2457 1333 2492 -l-
1364 2454 1451 2488 abiit
1468 2456 1545 2488 EK

133 2510 176 2543 15
202 2509 374 2552 conpletis
403 2506 447 2542 T²
505 2509 546 2541 17
572 2507 621 2542 hii
647 2509 722 2542 ΕΚ
777 2508 820 2541 22
847 2507 1045 2552 Apollinari
1071 2506 1119 2541 S²
1177 2508 1221 2540 95
1247 2507 1432 2541 cuiusdam
1458 2507 1540 2541 ciui-

131 2562 213 2596 tatis
239 2563 278 2596 K
324 2561 395 2595 diu.
415 2564 448 2595 et
473 2561 568 2604 dign.
587 2562 628 2595 K
678 2562 722 2595 26
749 2562 891 2605 quando
921 2581 959 2586 —
987 2560 1076 2604 eius]
1101 2560 1202 2594 cuius
1227 2563 1327 2603 pater
1352 2560 1539 2594 defunctus

132 2616 211 2650 EK
258 2615 299 2648 27
327 2614 487 2657 arigento
513 2613 555 2649 S¹
604 2615 648 2648 29
673 2614 773 2649 uenit
798 2616 836 2649 K
885 2615 930 2648 30
956 2615 999 2657 et]
1028 2617 1090 2648 aut
1114 2615 1189 2648 ΕΚ

1362 2681 1396 2708 7*
