1834 2967
840 177 1098 214 -022-

263 300 420 339 Domini
440 300 505 339 fiat
523 299 563 338 in
584 300 676 346 celo,
698 299 737 337 in
757 304 869 345 terra,
889 299 929 338 in
950 300 1047 339 mari
1067 305 1103 339 et
1123 300 1163 338 in
1182 300 1342 350 abyssis.
1388 301 1435 339 Et
1453 301 1525 339 hec
1546 301 1676 340 dicens

264 360 503 407 Theodorus,
532 358 848 398 ualefaciens
877 359 912 397 ei
939 358 1029 397 exiit
1057 365 1093 398 et
1121 359 1280 398 intrauit
1307 373 1445 398 navem
1475 373 1599 400 suam.

370 419 558 469 Prospero
578 423 707 457 autem
736 423 852 456 uento
880 418 996 456 flante
1025 423 1212 457 venerunt
1241 418 1280 456 in
1310 418 1438 457 sinum
1459 419 1523 469 qui
1542 419 1679 458 dicitur

265 477 445 516 italicum.
502 477 650 516 Exinde
685 482 869 526 ceperunt
907 490 1112 527 exsurgere
1146 477 1249 515 venti
1287 477 1480 525 contrarii,
1523 491 1628 517 nunc
1658 493 1679 517 a

216 540 239 576 5
268 543 369 576 terra
396 543 436 575 et
456 550 561 575 nunc
579 550 602 575 a
621 536 765 586 pelago.
809 535 928 574 Nauis
948 549 1041 574 uero
1061 536 1267 575 fluctuabat
1297 536 1337 574 in
1357 536 1494 576 medio.
1534 537 1680 576 Deinde.

123 603 250 637 E135v
268 601 383 635 uento
418 595 544 635 ualido
581 599 828 645 exsurgente,
875 595 972 644 cepit
1009 595 1119 634 nauis
1163 595 1285 633 trauhi
1323 609 1345 634 a
1383 595 1422 634 ui
1459 601 1678 635 uentorum.

265 655 497 705 Prolongata
535 659 592 694 est
629 659 757 693 autern
795 653 978 692 fortitudo
1007 655 1112 692 uenti
1140 653 1240 693 illius
1270 668 1338 704 per
1366 655 1446 694 dies
1480 655 1679 705 plurimos.

266 715 515 753 Deuenerunt
543 719 668 752 autem
696 713 736 750 in
764 713 847 751 loca
875 712 1018 762 ignota,
1047 713 1113 751 ubi
1142 712 1363 752 nesciebant
1392 714 1552 753 omnino
1591 714 1682 764 quid

267 774 341 812 illis
370 773 581 822 contigerat
600 772 662 811 uel
681 772 747 810 ubi
766 777 908 810 essent.
939 771 1120 810 Videntes
1140 777 1269 810 autem
1289 774 1486 822 quandam
1514 774 1682 812 insulam

190 834 239 871 10
267 847 289 871 a
316 833 442 882 longe,
472 831 651 870 dixerunt
678 831 915 870 adinuicem:
946 831 1222 881 Confugiamus
1252 832 1300 870 ad
1319 833 1422 871 hanc
1450 833 1616 871 insulam
1646 839 1682 871 et

268 892 459 930 discamus
487 890 553 929 ubi
573 890 706 929 simus.
763 889 874 928 Inscii
903 889 1007 928 enim
1028 903 1162 928 sumus
1192 891 1334 929 horum
1361 891 1547 930 locorum.
1603 892 1682 930 Deo

267 956 394 989 autem
425 956 653 1000 cooperante
681 950 1019 1000 apprehenderunt
1048 949 1173 988 illam*
1200 949 1367 988 insulam
1402 952 1548 1001 absque
1576 951 1683 990 omni

266 1010 423 1049 lesione.

376 1068 473 1107 Cum
515 1074 643 1107 autem
691 1069 904 1107 secundum
945 1067 1266 1106 consuetudinem
1313 1068 1459 1108 iactatis
1502 1069 1682 1109 anchoris

192 1129 240 1166 15
270 1128 503 1167 stabilisscnt
523 1141 676 1174 nauem,
706 1132 899 1165 uenerunt
916 1127 1095 1165 homines
1115 1127 1187 1165 loci
1206 1126 1307 1165 illius
1327 1133 1372 1166 et
1392 1128 1682 1179 interrogabant

126 1192 258 1227 K117v
272 1200 336 1226 eos
366 1188 469 1225 unde
497 1192 638 1225 essent.
677 1186 751 1234 Qui
780 1186 1058 1236 respondentes
1087 1184 1284 1224 dixerunt:
1315 1186 1685 1237 Constantinolpoli-

270 1247 349 1285 tani
379 1259 512 1284 sumus
543 1245 825 1295 negociatores3
865 1257 1013 1283 merces
1042 1244 1145 1283 enim
1176 1250 1373 1295 portamus
1403 1251 1438 1284 et
1467 1247 1515 1285 ad
1545 1246 1684 1285 Siriam

271 1306 324 1344 ire
364 1306 544 1343 uolumus
587 1318 675 1343 cum
716 1304 782 1342 Dei
828 1303 1027 1343 adiutorio.
1098 1304 1152 1342 llli
1195 1309 1325 1342 autem
1367 1305 1563 1344 dixerunt:
1605 1305 1685 1344 Nos

271 1365 405 1403 fratres
447 1363 699 1403 occidentales
737 1376 873 1402 sumus
915 1367 950 1401 et
988 1376 1114 1413 neque
1151 1363 1343 1402 ciuitatem
1386 1364 1529 1403 scimus
1570 1377 1686 1414 quam

197 1425 248 1463 20
277 1423 398 1462 dicitis
419 1436 544 1473 neque
565 1423 727 1473 Syriam.
769 1424 851 1461 Nos
870 1436 1024 1461 occeano
1052 1425 1155 1460 mari
1173 1436 1303 1461 sumus
1323 1426 1525 1462 conuincti.
1568 1423 1688 1463 Dicite

273 1488 402 1522 autem
439 1483 528 1532 quid
567 1487 624 1520 est
660 1483 735 1521 hoc
772 1482 874 1531 quod
911 1481 1082 1532 portatisy
1120 1487 1162 1520 ut
1200 1495 1374 1520 emamus
1414 1496 1460 1521 ex
1499 1496 1556 1522 eo.
1613 1482 1688 1530 Qui

273 1542 468 1581 dixerunt:
499 1541 580 1580 Hee
609 1542 778 1591 species‘³'³'
807 1546 897 1579 sunt
934 1554 1054 1590 quas
1084 1541 1344 1580 habemus:
1377 1541 1532 1581 stiracin
1562 1542 1689 1581 uide-

273 1602 379 1640 licet
408 1601 566 1640 mastice
595 1607 628 1639 et
656 1601 761 1651 gizea
789 1607 825 1640 et
845 1599 965 1639 serica
986 1600 1214 1639 indumenta
1233 1601 1285 1638 de
1305 1601 1466 1640 diuersis
1483 1601 1687 1640 coloribus.

274 1660 458 1707 insulani,
499 1659 694 1699 dixerunt:
738 1659 908 1710 Accipite
951 1660 1114 1698 anobis
1157 1673 1305 1698 merces
1341 1674 1436 1709 quas
1477 1660 1688 1705 habemus;

195 1721 245 1759 25
276 1720 451 1758 tollemus
481 1725 516 1758 et
545 1732 618 1758 nos
646 1733 694 1758 ex
722 1720 914 1758 mercibus
945 1732 1040 1768 quas
1070 1719 1230 1758 habetis.
1287 1720 1333 1758 Et
1362 1720 1412 1758 ait
1442 1720 1689 1759 Theodorus:

274 1780 374 1826 Quid
403 1785 460 1818 est
489 1780 591 1829 quod
620 1779 731 1818 nobis
761 1779 876 1817 uultis
906 1779 1022 1817 dare?
1077 1778 1152 1826 Qui
1188 1778 1386 1818 dixerunt:
1429 1780 1618 1829 Stagnum
1654 1784 1691 1818 et

275 1839 488 1889 plumbum.
536 1839 582 1877 Et
603 1839 883 1878 constituerunt
903 1837 950 1876 in
981 1838 1145 1877 inuicem
1167 1838 1214 1876 de
1243 1843 1378 1888 stagno
1398 1838 1514 1877 libras
1535 1843 1691 1877 centum

277 1898 315 1936 in
346 1898 466 1937 solido
497 1911 587 1941 uno,
617 1899 663 1936 de
697 1898 855 1948 plumbo
885 1911 978 1936 uero
1005 1897 1122 1936 libras
1152 1898 1348 1936 ducentas.
1406 1898 1490 1936 Hoc
1510 1897 1690 1947 placitum

278 1959 502 2004 fecerunt,
523 1970 645 2007 usque
665 1958 756 1995 dum
773 1962 978 1995 onerarent
994 1969 1153 2004 nauem;
1176 1957 1277 2006 quod
1298 1962 1453 1995 autem
1474 1962 1691 2006 superasset

195 2017 247 2055 30
276 2016 322 2054 de
350 2016 555 2063 mercibus,
598 2017 773 2055 tollerent
814 2029 964 2054 aurum.
1021 2016 1134 2054 Hanc
1169 2015 1480 2054 conuenientiam
1519 2016 1617 2054 inter
1653 2028 1694 2054 se

279 2075 459 2114 fecerunt.
502 2076 690 2114 Tulerunt
710 2081 863 2114 autern
894 2080 1075 2125 stagnum
1095 2080 1132 2114 et
1152 2075 1354 2125 plumbum
1382 2080 1418 2113 et
1437 2074 1694 2125 impleuerunt

279 2147 430 2180 nauem,
461 2140 648 2184 quantum
678 2134 800 2185 potuit
827 2134 1036 2182 sustinere3
1067 2140 1102 2174 et
1132 2135 1432 2173 adnumerantes
1462 2147 1536 2183 que
1565 2146 1693 2183 super-

152 2200 175 2233 S
193 2199 259 2233 61v
281 2199 389 2232 erant
409 2192 423 2243 ΙΙ
444 2194 707 2241 mercimonia,
737 2194 970 2233 inuenerunt
1001 2193 1276 2243 quinquaginta
1296 2193 1411 2232 libras
1439 2193 1543 2240 auri;
1573 2193 1694 2243 plum-

278 2253 369 2291 bum
400 2266 491 2291 uero
521 2258 557 2292 et
586 2259 766 2304 stagnum
795 2259 1041 2303 superauerat
1072 2252 1109 2291 in
1139 2253 1301 2291 lucrum.

395 2415 405 2446 l
437 2413 491 2446 dci
522 2414 593 2446 Ia'K
640 2413 766 2447 abissis
795 2415 831 2447 Ι(
878 2414 898 2447 2
925 2413 1130 2447 ualedicens
1157 2414 1193 2446 Ι(
1248 2413 1270 2445 4
1296 2411 1489 2446 athalicum
1516 2412 1565 2448 Er.
1599 2411 1695 2444 atha-

283 2468 400 2501 lacum
428 2468 467 2500 K
526 2469 547 2499 8
578 2466 872 2509 deueneruntque
905 2468 945 2500 K
1003 2466 1183 2509 incognita
1213 2467 1283 2499 ΕΙ(
1344 2468 1364 2497 t)
1400 2463 1622 2507 contingerat
1663 2464 1699 2496 Ι(

283 2519 347 2558 (Κι
375 2522 459 2560 mit)
510 2519 576 2553 ins.
604 2520 784 2562 quandam
812 2521 849 2553 Ι(
902 2521 943 2553 10
968 2519 1034 2553 ins.
1053 2520 1145 2553 hanc
1174 2521 1209 2553 Ι(
1276 2520 1310 2552 11
1342 2517 1452 2561 enim]
1477 2520 1599 2551 autem
1625 2518 1699 2550 ΕΙ(

284 2575 348 2607 loc.
383 2574 458 2607 hor.
492 2574 531 2607 K
592 2573 634 2606 15
671 2572 777 2614 illius]
818 2575 856 2613 -1-
900 2573 1066 2607 homines
1103 2574 1175 2607 ΕΙ(
1240 2573 1280 2605 1ss
1320 2570 1628 2614 Constantinopoli
1667 2570 1694 2603 S

288 2628 326 2661 17
355 2627 491 2670 Syriam
519 2627 554 2659 E
600 2626 640 2659 :21
671 2626 738 2659 hoc
765 2637 817 2659 om
848 2628 874 2656 S
920 2627 964 2659 2⁹2
990 2626 1141 2660 stiracen
1170 2627 1240 2659 El<
1294 2626 1338 2658 :323
1365 2623 1463 2665 zigea
1489 2624 1527 2658 15
1573 2623 1617 2656 26
1645 2627 1695 2657 est

283 2681 389 2723 quod]
418 2692 470 2713 om
500 2681 538 2713 Ι(
585 2682 728 2713 sianum
759 2678 810 2711 Ix'2
861 2680 904 2712 :32
932 2690 1118 2713 annumer.
1148 2680 1218 2712 ΕΙ(
1268 2679 1311 2709 132:
1340 2677 1446 2711 libras
1473 2676 1594 2720 quinq.
1624 2677 1661 2709 Ι(
