1834 2967
142 247 236 286 didit
272 261 350 287 una
390 261 477 287 cum
515 261 634 287 uxore
669 262 738 287 sua
775 254 810 287 et

142 307 256 346 simul
285 307 462 358 baptizati
490 313 592 346 sunt.

196 542 272 581 Sed
312 548 349 581 et
388 542 470 593 ipsa
511 541 637 592 imago
679 546 812 592 postea

141 602 265 652 posita
301 607 358 640 est
399 601 438 639 in
479 601 638 640 ecclesia
679 606 811 638 sancte

143 661 286 711 Sophie
323 673 437 710 super
478 659 604 710 ipsum
641 665 810 709 puteum,

143 721 208 770 qui
245 725 280 759 et
317 719 429 758 ualde
469 719 726 757 uenerabatur
763 719 811 756 ab

143 779 323 818 omnibus
344 791 465 828 usque
484 777 521 816 in
552 784 723 827 tempore
744 777 811 815 sci-

142 838 228 877 licet
254 837 395 876 Leonis
415 837 686 888 imperatoris}
728 837 812 886 Ipse

143 902 269 936 autem
305 909 380 946 qua
416 910 462 935 ex
496 909 612 935 causa
648 896 709 934 uel
745 908 813 934 cur

142 956 272 995 nescio
301 969 386 994 eam
421 956 587 1006 precepit
621 955 708 1005 igne
737 967 813 993 cre-

11 1014 129 1088 de'lgm
141 1014 250 1054 mari.
273 1014 288 1066 ΙΙ

200 1724 456 1773 Quapropter,
495 1722 630 1761 fratres
659 1722 817 1760 dilectis-

146 1782 245 1829 simi,
274 1782 451 1821 festinaui
470 1781 582 1820 uobis
610 1782 734 1820 facere
763 1795 817 1820 re-

148 1841 344 1888 lationem,
399 1847 441 1880 ut
487 1841 627 1892 pariter
678 1841 818 1891 gratias

148 1914 307 1951 agamus
337 1900 502 1939 Domino
522 1901 601 1939 Deo
630 1906 665 1939 et
686 1901 819 1939 Salua-

147 1960 219 1998 tori
258 1966 389 1999 nostro
418 1960 532 1999 Ihesu
568 1960 720 1999 Christo
756 1959 819 2009 qui

28 2024 134 2058 L224
147 2024 300 2069 propter
320 2018 334 2068 ΙΙ
356 2033 427 2058 nos
446 2020 565 2058 homo
591 2019 671 2058 fieri
691 2018 819 2068 digna-

148 2083 209 2116 tus
229 2083 287 2116 est
314 2084 350 2116 et
377 2078 473 2124 ideo,
503 2084 544 2117 ut
563 2091 636 2117 nos
663 2078 702 2116 in
723 2078 820 2116 filios

148 2138 345 2187 adoptaret
373 2137 460 2183 Dei;
491 2137 650 2176 esuriuit
678 2142 721 2175 ut
749 2150 820 2175 nos

149 2209 219 2234 sua
256 2209 371 2234 carne
409 2196 580 2242 satiaret;
625 2195 741 2235 sitiuit
780 2201 821 2234 ut

149 2268 221 2293 nos
250 2254 403 2304 proprio
438 2261 585 2305 potaret
620 2254 819 2305 sanguine.

811 126 883 163 123

883 254 1011 287 autem
1041 249 1136 287 hora
1166 249 1266 288 idem
1303 250 1438 288 iudeus
1477 263 1552 289 cre-

881 307 973 346 didit
1028 307 1067 346 in
1111 308 1320 346 Dominum
1377 315 1553 349 nostrum

880 367 1036 405 Ihesum
1083 367 1279 405 Christum
1335 380 1413 406 una
1466 381 1554 406 cum

882 438 1001 463 uxore
1029 438 1098 463 sua
1118 431 1154 464 et
1181 427 1330 464 duobus
1360 426 1444 465 filiis
1473 427 1555 465 eius

882 489 917 522 et
947 483 1123 533 baptizati
1153 489 1255 522 suut.

937 542 1012 580 Sed
1054 544 1100 580 de
1138 543 1220 592 ipsa
1257 542 1422 593 imagine
1466 544 1555 593 quid

882 606 1015 650 postea
1060 601 1261 640 inventum
1315 602 1439 649 fuerity
1494 615 1555 641 ex-

882 660 1086 710 plicemus:
1151 661 1193 698 In
1251 661 1408 699 ecclesia
1465 674 1555 699 uero

883 724 1014 757 sancte
1053 719 1219 769 Sophiae
1256 720 1387 758 eadem
1431 719 1556 769 imago

883 790 999 828 supra
1019 777 1144 827 ipsum
1166 778 1467 828 puteumposita
1487 784 1555 826 est,

885 849 957 886 que
986 837 1097 874 ualde
1127 837 1382 875 venerabatur
1409 839 1457 875 ab
1479 851 1557 876 om-

884 895 999 934 nibus
1028 909 1151 945 usque
1172 897 1218 934 ad
1245 901 1396 945 tempus
1416 897 1557 935 scilicet

884 954 1040 993 Iuliani1
1065 955 1279 1005 impiissimi
1306 956 1557 1005 imperatoris.

887 1014 969 1064 [pse
997 1020 1126 1052 autem
1164 1014 1370 1064 imperator
1408 1028 1483 1063 qua
1512 1028 1558 1053 ex

886 1086 1001 1111 causa
1031 1074 1086 1111 vel
1117 1086 1184 1111 cur
1214 1073 1342 1112 neseio
1363 1086 1448 1111 eam
1478 1087 1558 1124 pre-

887 1133 984 1182 cepit
1028 1132 1116 1182 igne
1158 1132 1332 1171 cremari.
1397 1132 1559 1171 Ministri

887 1204 980 1229 uero
1008 1191 1204 1230 mittentes
1234 1205 1319 1230 eam
1348 1191 1388 1229 in
1417 1192 1559 1241 ignem,

886 1250 971 1289 ilico
1000 1250 1159 1289 exiliens
1189 1251 1235 1289 de
1268 1251 1356 1299 igne
1384 1264 1451 1300 per
1478 1264 1560 1301 gra-

888 1309 980 1348 tiam
1001 1315 1034 1348 et
1057 1309 1237 1348 uirtutem
1258 1309 1413 1348 Domini
1439 1309 1561 1348 nostri

888 1369 1001 1406 lhesu
1037 1368 1178 1407 Christi
1219 1382 1375 1407 reuersa
1422 1374 1479 1407 est
1520 1369 1560 1407 in
1590 1379 1601 1390 ⁹

889 1427 1047 1466 ecclesia
1086 1433 1218 1467 sancte
1261 1428 1416 1478 Sophie‚
1458 1429 1562 1466 unde

893 1487 998 1537 prius
1027 1487 1154 1526 ablata
1182 1493 1218 1525 et
1253 1486 1291 1525 in
1331 1492 1445 1537 puteo
1483 1492 1563 1525 erat

889 1546 1068 1596 proiecta,
1105 1546 1170 1584 ubi
1199 1546 1237 1584 in
1273 1546 1461 1584 honorem
1490 1546 1562 1584 Do-

891 1605 985 1643 mini
1022 1617 1144 1654 usque
1180 1604 1294 1643 hodie
1330 1609 1366 1643 et
1403 1604 1441 1642 in
1481 1618 1562 1655 per-

890 1669 1049 1714 petuum
1077 1669 1226 1702 constat
1255 1663 1499 1702 uenerabilis.

943 1724 1018 1761 Pro
1037 1724 1109 1761 hac
1126 1736 1240 1761 causa
1252 1728 1288 1761 et
1302 1723 1562 1767 veneratione,

890 1787 1016 1832 patres
1046 1782 1249 1829 karissimi,
1291 1782 1403 1820 uobis
1441 1782 1563 1820 decla-

891 1855 976 1880 rare
1018 1847 1054 1880 et
1092 1854 1249 1880 narrare
1291 1840 1479 1887 festinaui,
1522 1846 1564 1878 ut

892 1900 1031 1951 pariter
1069 1899 1271 1938 nobiseum
1307 1900 1386 1938 Deo
1423 1899 1564 1950 gratias

892 1959 1011 2010 agatis
1047 1964 1083 1997 et
1112 1958 1303 1997 Saluatori
1337 1963 1470 1997 nostro
1500 1957 1564 2008 qui

895 2024 1046 2069 propter
1063 2031 1134 2056 nos
1149 2018 1266 2056 homo
1287 2018 1368 2056 fieri
1387 2017 1565 2068 dignatus

893 2084 950 2116 est
979 2082 1016 2115 et
1044 2077 1127 2115 ideo
1158 2090 1198 2115 se
1228 2075 1339 2115 nobis
1369 2076 1564 2122 reuelauit,

894 2142 935 2175 ut
965 2149 1035 2174 nos
1064 2136 1104 2174 in
1133 2135 1230 2174 filios
1256 2135 1328 2174 sibi
1356 2136 1565 2186 adoptaret.

893 2197 982 2234 Ideo
1003 2194 1172 2242 esuriuit,
1201 2200 1243 2233 ut
1263 2208 1335 2233 nos
1356 2207 1426 2233 sua
1451 2207 1567 2233 carne

895 2254 1072 2301 saciaret:
1119 2255 1204 2293 ideo
1245 2253 1375 2300 sinuit,
1416 2258 1458 2292 ut
1494 2266 1566 2291 nos

256 2350 277 2383 Ξ.)
295 2349 473 2393 simulque
489 2351 541 2390 A;
568 2349 687 2393 simul]
715 2361 769 2385 om
799 2348 829 2385 C
875 2351 895 2383 6
922 2349 968 2392 et]
995 2360 1051 2384 om
1069 2349 1117 2383 M
1162 2349 1296 2393 postea]
1316 2359 1371 2383 om
1388 2348 1438 2383 M
1481 2348 1501 2380 9
1522 2347 1567 2380 ab

149 2413 247 2437 omn.
265 2406 460 2437 ueneratur
483 2404 518 2438 A
580 2404 623 2437 10
647 2406 790 2446 tempus
815 2403 864 2437 M
917 2401 1004 2445 scil.]
1030 2413 1085 2437 om
1110 2403 1143 2436 A
1208 2403 1246 2435 11
1275 2401 1362 2444 imp.
1380 2400 1510 2434 Leonis
1533 2400 1568 2434 A

150 2456 227 2501 ipse
253 2477 297 2481 —
324 2456 486 2498 cremari]
506 2467 562 2491 om
582 2455 611 2492 G
658 2457 701 2490 12
719 2456 853 2499 autem]
874 2459 910 2493 -l-
935 2455 1130 2499 imperator
1154 2455 1189 2490 A
1243 2455 1284 2488 13
1303 2465 1398 2498 pree.
1418 2464 1496 2487 eam
1524 2453 1568 2487 M

152 2510 199 2543 28
223 2509 366 2553 pariter]
403 2519 499 2543 nunc
532 2511 566 2543 et
598 2520 739 2553 semper
767 2510 795 2542 C
858 2509 904 2542 29
936 2508 1003 2542 deo
1036 2508 1082 2551 et]
1108 2519 1160 2541 om
1187 2508 1222 2542 A
1288 2508 1334 2541 30
1358 2507 1450 2540 Ihes.
1476 2504 1569 2548 Chr.]

152 2574 207 2597 om
232 2563 301 2597 AC
348 2563 392 2596 32
419 2565 454 2596 et
478 2562 571 2605 ideo]
598 2573 653 2596 om
678 2564 712 2597 A
764 2562 809 2596 35
834 2565 906 2605 pot.
925 2572 1025 2605 sang.
1044 2563 1090 2596 A.

261 2621 273 2639 1
298 2616 369 2649 Leo
395 2615 455 2649 III.
473 2615 627 2649 Isaurier
654 2616 860 2653 717—741;
887 2614 1050 2648 Julianus
1076 2614 1263 2648 361—363

1608 488 1631 524 Ol

1589 781 1637 818 10

1592 1076 1637 1112 15

1595 2253 1645 2291 35
