1834 2967
683 112 970 149 —109—

119 235 238 273 exiret
267 249 288 273 a
313 234 559 273 monasterio.
617 235 729 282 Quod
758 240 794 273 et
832 235 974 273 factum
1012 240 1081 273 est.
1138 235 1237 274 Cum
1275 240 1404 273 autem
1433 235 1531 274 facta

118 298 218 332 esset
245 294 340 332 hora
368 294 566 344 psallendi,
605 293 761 332 intrauit
797 290 926 332 custos
955 293 1111 332 ecclesie
1149 294 1197 332 ad
1236 294 1446 332 tollendum
1476 294 1529 332 in-

118 365 278 391 censum
320 358 356 391 et
393 353 542 391 inuenit
580 353 711 391 omnia
750 353 907 403 direpta.
972 353 1019 391 Et
1053 352 1186 391 abiens
1223 353 1416 391 nuntiauit
1457 353 1530 391 hoc

117 411 264 459 abbati3
303 417 339 450 et
377 412 574 462 pulsantes
616 412 724 461 signa
767 411 982 461 congregati
1021 416 1111 450 sunt
1149 424 1284 450 omnes
1321 412 1456 450 fratres
1495 417 1530 451 et

117 476 300 520 ceperunt
316 470 461 509 turbari
481 476 517 509 et
545 470 742 508 dixerunt:
772 470 910 508 Nullus
931 483 974 508 ea
991 470 1074 508 tulit
1088 469 1183 508 alius
1204 470 1276 508 nisi
1292 470 1376 508 talis
1397 471 1528 518 frater;
1586 475 1608 511 Ξ)

116 535 316 580 propterea
345 542 416 568 nec
443 531 491 568 ad
520 529 629 579 signa
657 529 774 568 uenit.
832 528 870 567 Si
901 528 1005 567 enim
1033 541 1113 567 non
1142 528 1291 567 fecisset
1319 530 1404 575 hoc,
1435 529 1529 568 sicut

116 600 279 638 semper,
310 588 361 626 ita
391 593 428 626 et
447 600 552 626 nunc
580 586 750 625 uenisset
779 587 937 638 primus.
981 587 1026 625 Et
1046 588 1276 626 mandantes
1296 586 1529 626 inuenerunt

116 659 204 685 eum
221 647 260 685 in
278 648 445 696 quodam
459 647 543 685 loco
563 651 729 684 stantem
745 651 782 685 et
802 651 988 685 orantem.
1019 646 1065 685 Et
1085 647 1281 696 pulsantes
1301 646 1529 685 introierunt

116 711 152 744 et
181 706 514 756 apprehendentes
553 705 759 744 trahebant
797 718 886 743 eum
925 705 976 743 ui.
1032 705 1116 755 Ipse
1153 706 1324 755 rogando
1363 704 1527 744 dicebat:

115 765 216 812 Quid
245 770 301 803 est
329 764 403 803 hoc
431 764 586 811 factum,
617 764 763 802 domini
791 764 868 802 mei
896 768 1047 815 patres?
1103 764 1158 802 Illi
1195 770 1335 803 autem-
1353 764 1527 803 maledic·
1561 769 1608 805 10

114 823 237 862 tiones
279 828 316 862 et
352 822 511 862 iniurias
553 823 748 862 mittentes
788 823 828 861 in
873 836 960 862 eum
1012 823 1206 862 dicebant:
1260 823 1451 874 Sacrilege
1493 829 1527 862 et

113 883 283 932 indigne,
312 887 354 921 ut
382 882 506 929 uiuas,
537 895 616 920 non
646 881 784 920 sufficit
813 881 880 920 tibi
909 882 1010 931 quod
1035 895 1102 932 per
1131 896 1255 921 annos
1284 888 1412 921 tantos
1441 896 1528 921 con·
1575 929 1581 935 ³

112 941 274 980 turbasti
302 945 399 980 nos?
448 941 524 980 Sed
554 946 590 980 et
619 954 723 980 nunc
752 941 790 979 in
821 941 970 980 animas
1000 946 1151 980 nostras
1171 939 1186 991 Η
1207 941 1407 981 in'fitroisti.
1464 927 1666 1015 Illei{{?9

116 1014 208 1039 uero
238 1001 404 1039 dicebat:
434 1000 583 1039 Parcite
611 1000 739 1047 michi,
769 1000 858 1050 quia
886 1000 1048 1051 culpaui.
1629 984 1654 1006 μ

218 1060 264 1098 Et
293 1061 488 1098 adducunt
517 1073 605 1098 eum
642 1061 689 1098 ad
729 1061 908 1098 abbatem
937 1065 974 1098 et
1003 1061 1134 1098 dicunt
1171 1061 1218 1098 ad
1255 1073 1362 1099 eum:
1404 1060 1526 1107 Abba,
1560 1063 1605 1100 15

111 1118 175 1157 hic
203 1125 260 1158 est
288 1119 353 1169 qui
381 1119 429 1157 ab
458 1119 565 1157 initio
586 1119 829 1157 conturbauit
849 1118 1066 1158 cenobium.
1106 1119 1153 1157 Et
1181 1124 1364 1169 ceperunt
1389 1119 1527 1169 singuli

112 1179 237 1217 dicere
265 1179 451 1217 aduersus
480 1191 587 1216 eum:
617 1178 810 1225 Quoniam
844 1191 913 1227 ego
948 1178 1024 1216 uidi
1063 1191 1152 1216 eum
1187 1179 1375 1217 absconse
1404 1192 1527 1217 come-

111 1238 268 1276 dentem
281 1237 402 1284 olera;
433 1237 527 1276 alter
541 1250 646 1283 uero,
677 1237 862 1287 quoniam
881 1250 1000 1288 panes
1015 1237 1214 1276 furabatur
1230 1243 1266 1276 et
1286 1239 1400 1277 dabat
1414 1239 1524 1285 foris;

113 1302 150 1335 et
178 1296 286 1344 alius,
317 1296 499 1346 quoniam
528 1296 660 1335 inueni
696 1309 785 1335 eum
813 1297 960 1335 occulte
988 1297 1184 1336 bibentem
1225 1297 1360 1335 uinum
1388 1298 1526 1336 melius

114 1369 230 1405 quam
259 1356 406 1394 fratres.
462 1355 508 1393 Et
537 1355 610 1395 alia
635 1356 756 1394 multa
783 1355 1014 1394 mentientes
1048 1355 1226 1395 dicebant
1257 1362 1390 1395 contra
1423 1370 1523 1403 eum,
1554 1359 1605 1396 ΩΟ

111 1420 148 1453 et
176 1415 418 1461 credebatur3
454 1413 516 1452 ille
544 1427 637 1453 uero
666 1415 866 1453 ueritatem
895 1414 1056 1461 dicebat,
1095 1419 1132 1453 et
1169 1427 1249 1453 non
1287 1415 1522 1454 audiebatur.

113 1474 268 1513 Tollens
283 1479 411 1513 autern
432 1474 551 1512 abbas
572 1473 675 1512 exuit
695 1472 710 1524 ΙΙ
731 1487 819 1512 eum
839 1476 968 1512 ueste*
987 1473 1213 1513 monachica
1242 1474 1390 1513 dicens:
1420 1474 1520 1522 Quo·
1534 1481 1563 1515 K
1579 1483 1664 1516 mlv

110 1533 214 1572 niam
241 1534 314 1572 hec
342 1533 512 1572 facinora
540 1546 620 1571 non
649 1538 741 1572 sunt
769 1533 969 1571 christiani
997 1532 1179 1572 hominis.

215 1592 261 1631 Et
302 1592 508 1630 inferentes
552 1604 641 1630 eum
684 1592 923 1631 tradiderunt
956 1592 1149 1643 preposito
1187 1592 1322 1631 Labre.
1380 1593 1425 1631 Et
1463 1593 1523 1631 ille

111 1664 255 1690 exuens
284 1664 373 1690 eum
394 1656 430 1689 et
450 1651 579 1690 neruis
600 1651 760 1690 taurinis
790 1652 931 1690 cedens
951 1651 1210 1702 interrogabat
1230 1651 1262 1689 si
1282 1664 1373 1690 uera
1393 1657 1521 1690 essent
1551 1654 1600 1691 Ξῖ)

111 1724 184 1761 que
225 1711 271 1749 de
314 1723 358 1749 eo
401 1711 636 1749 dicebantur.
702 1711 787 1761 Ipse
831 1723 921 1749 uero
964 1710 1124 1749 ridendo
1166 1711 1331 1750 dicebat:
1374 1711 1522 1750 Parcite

109 1770 239 1819 michi,
279 1769 368 1819 quia
408 1770 571 1820 culpaui.
628 1770 887 1808 Exacerbatus
922 1770 961 1808 in
990 1770 1064 1808 hoc
1099 1783 1278 1808 sermone
1306 1770 1521 1820 prepositus

110 1829 248 1867 iterum
277 1828 357 1867 cedi
385 1842 474 1867 eum
494 1828 640 1867 fortiter
668 1828 777 1867 iussit
806 1833 842 1867 et
871 1828 968 1867 mitti
997 1828 1037 1867 in
1067 1842 1186 1879 cyppo
1224 1829 1340 1879 pedes
1370 1827 1450 1867 eius
1486 1834 1522 1868 et

108 1887 250 1926 includi
278 1887 317 1926 in
347 1900 539 1926 carcerem
569 1893 605 1926 et
644 1888 794 1938 scripsit
823 1887 911 1926 duci
946 1901 1101 1927 causam
1132 1887 1198 1926 rei.
1255 1888 1300 1926 Et
1339 1888 1522 1926 continuo

108 1946 309 1985 uenientes
332 1949 506 1996 proximi
544 1948 714 1986 tulerunt
743 1960 832 1986 eum
862 1952 897 1985 et
926 1947 1178 1997 inposuerunt
1217 1960 1332 1997 super
1370 1948 1519 1986 nudum
1549 1949 1599 1986 30

109 2005 264 2045 animal.
306 2006 392 2044 Non
422 2006 525 2045 enim
554 2011 702 2057 poterat
721 2007 919 2045 ambulare
939 2020 1007 2057 pre
1035 2006 1235 2046 tormentis
1266 2006 1404 2056 quibus
1433 2020 1522 2045 eum

110 2065 323 2104 afflixerant
352 2070 387 2103 et
403 2066 573 2115 pondera
593 2065 681 2104 ferri
701 2078 776 2115 que
804 2065 989 2104 miserant
1017 2065 1057 2104 in
1078 2066 1174 2104 collo
1203 2071 1238 2104 et
1258 2065 1420 2116 pedibus
1440 2066 1520 2104 eius

110 2124 305 2163 trahentes
334 2136 423 2162 eum
451 2137 518 2174 per
545 2124 713 2163 mediam
742 2124 948 2163 ciuitatem.

215 2183 313 2221 Cum
334 2188 461 2221 autem
483 2188 725 2233 presentatus
754 2183 909 2221 fuisset*
929 2182 1027 2230 duci,
1057 2182 1312 2233 interrogatus
1341 2183 1520 2234 quisnam

109 2247 202 2280 esset
230 2242 292 2280 uel
329 2242 431 2280 unde
474 2247 510 2280 et
539 2242 699 2292 qualiter
740 2243 955 2281 monachus
997 2248 1098 2281 esset
1139 2243 1277 2288 factus3
1316 2245 1396 2293 ipse
1429 2256 1520 2281 uero
1549 2244 1598 2280 35

215 2395 236 2428 3
274 2394 361 2428 abiit
397 2398 431 2429 et
469 2396 544 2429 ΕΚ
612 2396 633 2429 5
671 2396 908 2439 dixeruntque
945 2396 1017 2429 ΕΚ
1090 2397 1110 2430 6
1149 2396 1210 2430 sed
1247 2394 1344 2430 enim
1382 2395 1411 2429 si
1449 2396 1525 2429 ΕΚ

110 2448 129 2481 7
156 2447 380 2490 mandantes]
413 2452 450 2489 -ἦ-
480 2448 517 2482 in
542 2449 723 2492 quendam
749 2449 867 2483 locum
892 2449 969 2482 ΕΚ
1015 2451 1035 2481 9
1070 2459 1152 2482 cum
1177 2447 1215 2482 ui
1239 2449 1318 2483 ΕΚ
1360 2448 1447 2492 ipse]
1478 2451 1516 2488 -l-

108 2511 194 2535 uero
220 2502 296 2535 ΕΚ
360 2502 403 2535 10
428 2501 561 2535 factum
594 2502 660 2536 hoc
686 2503 727 2536 K
790 2504 832 2536 12
858 2502 974 2536 suficit
1001 2503 1029 2535 S
1092 2503 1133 2536 16
1165 2501 1423 2536 monasterium
1449 2503 1525 2535 EK

109 2554 153 2588 22
191 2554 322 2596 autem]
365 2557 404 2595 -†-
443 2565 526 2588 eum
560 2555 639 2589 ΕΚ
708 2554 942 2589 monachicha
977 2556 1004 2589 S
1074 2555 1120 2588 24
1153 2555 1255 2597 trad]
1294 2557 1334 2595 -l-
1371 2565 1453 2589 cum
1487 2556 1519 2589 E

109 2607 154 2641 25
179 2607 354 2642 thaurinis
379 2608 454 2641 ΕΚ
500 2608 544 2641 29
570 2607 779 2652 scripsitque
806 2609 898 2650 EK;
925 2607 1050 2652 scripsi
1075 2607 1117 2642 8ι
1167 2609 1212 2642 30
1237 2607 1372 2642 nudam
1397 2609 1424 2642 S
