1834 2967
819 165 1076 201 —10-

242 293 278 327 et
309 287 578 326 monachicam
607 287 726 326 uitam
755 287 1075 337 aprehendamus.
1135 285 1287 324 Etenim
1327 285 1507 324 homines
1537 285 1652 324 huius

242 346 424 397 temporis
463 345 659 385 caritatem
696 346 963 384 demonstrant
997 344 1269 391 manducandi,
1311 344 1467 383 bibendi
1505 349 1541 382 et
1575 344 1653 382 ine-

99 389 401 477 {igoibriandi'
435 405 450 455 ΙΙ
484 405 523 443 in
552 403 797 454 necesllsitate
835 409 964 442 autem
998 404 1112 453 longe
1141 405 1203 442 se*
1240 403 1395 442 faciunt.
1442 403 1654 453 Respondit

184 460 203 469 ‘⁴
241 464 274 503 ei
303 464 456 503 mulier:
486 464 535 503 Ut
562 463 717 510 iussisti,
747 464 914 502 domine.

188 526 211 562 5
348 524 643 563 Rememoratus
663 528 720 561 est
748 528 877 561 autem
897 522 998 560 idem
1018 522 1246 560 Theodorus
1267 521 1461 570 quendam
1481 521 1652 567 ebreum,

240 582 470 621 Abramium
512 583 683 629 nomine,
726 582 910 631 quoniam
950 581 1079 631 sepius
1122 581 1171 618 illi
1211 580 1370 625 dixerat,
1419 580 1572 629 quando
1613 580 1654 618 in

242 641 379 681 divitiis
409 647 506 681 erat:
537 641 701 680 Domine
729 641 945 687 Theodore,
974 640 1101 689 accipe
1130 652 1268 678 aurum
1297 644 1334 677 et
1359 639 1493 677 labora
1520 638 1560 676 in
1590 651 1654 685 eo;

241 706 276 740 et
305 701 489 751 quidquid
515 701 685 739 lucratus
714 700 842 746 fueris,
874 700 939 737 fiat
967 711 1185 737 commune.
1244 698 1320 736 Sed
1349 697 1535 736 abiciebat
1564 710 1654 735 eum

242 760 340 811 ipse
368 760 596 798 Theodorus
625 759 734 808 quasi
763 758 986 808 allophilum
1024 763 1060 796 et
1088 763 1195 796 extra
1224 757 1350 796 fidem.
1407 757 1498 795 Erat
1525 762 1654 795 autem

165 820 213 857 10
240 819 341 857 idem
380 818 587 857 Abramius
623 818 756 856 ualde*
795 817 912 855 diues.
976 816 1079 855 Abiit
1117 822 1245 855 autem
1279 816 1507 855 Theodorus
1546 816 1655 865 quasi

241 879 385 917 occulte
414 879 461 917 ad
490 879 648 916 domum
678 876 790 915 illius.
848 876 938 914 Erat
966 880 1095 914 autem
1131 875 1238 913 locus
1267 875 1328 913 ille
1364 874 1520 925 peruius
1549 875 1654 913 eunti

116 942 223 976 K114
240 939 287 976 ad
316 939 475 976 domum
503 936 648 982 hebrei,
687 935 726 974 in
757 948 832 985 quo
861 948 1026 984 magnus
1055 934 1333 973 Constantinus
1354 932 1368 985 ΙΙ
1390 939 1552 984 quatuor
1581 939 1655 973 sta-

241 1002 364 1035 tuerat
399 997 637 1046 columpnas,
678 1008 772 1044 quas
810 1008 927 1044 supra
966 993 1044 1032 iam
1082 993 1261 1032 diximus.
1317 993 1487 1032 Veniens
1525 998 1654 1032 autem

239 1057 466 1094 Theodorus
496 1056 543 1093 ad
564 1055 731 1093 eundem
757 1055 898 1100 locum,
929 1052 1076 1103 aspexit
1095 1053 1330 1102 inmaginem
1359 1053 1505 1091 domini
1534 1052 1654 1091 nostri

165 1115 212 1153 15
241 1116 354 1154 Ihesu
383 1115 524 1154 Christi
559 1120 595 1153 et
623 1126 764 1152 manus
794 1114 842 1152 ad
871 1113 994 1151 celum
1025 1112 1182 1150 eleuans
1218 1112 1377 1162 rogabat
1415 1125 1504 1150 eum
1542 1111 1655 1162 supli-

241 1175 332 1213 citer
361 1179 402 1212 ut
431 1187 472 1212 se
501 1173 678 1223 dirigeret
705 1173 744 1211 in
774 1185 870 1222 opus
900 1185 1014 1210 suum
1043 1171 1088 1209 in
1119 1184 1194 1221 quo
1222 1172 1414 1221 pergebat.

345 1293 391 1331 Et
421 1293 617 1342 complens
653 1291 872 1330 oracionem
914 1303 1024 1329 suam
1067 1290 1174 1329 uenit
1202 1289 1242 1328 in
1280 1290 1440 1328 domum
1469 1288 1653 1327 Abramii.

240 1352 471 1391 Conuocans
491 1357 620 1390 autem
640 1364 764 1389 unum
793 1364 839 1389 ex
868 1350 996 1400 pueris
1022 1349 1102 1388 eius
1132 1349 1330 1399 requisiuit
1350 1362 1439 1386 eum
1468 1348 1532 1386 ubi
1556 1356 1653 1386 esset

239 1411 418 1450 dominus
448 1424 554 1449 suus.
610 1411 656 1449 Et
684 1409 736 1449 ait
765 1423 875 1460 puer:
906 1411 1012 1448 Intus
1033 1409 1070 1447 in
1093 1410 1207 1448 domo
1237 1414 1306 1447 est.
1363 1408 1433 1446 Cui
1462 1407 1512 1446 ait
1533 1408 1655 1446 Theo-

160 1469 211 1506 ⁶20
239 1472 374 1509 dorus:
404 1469 553 1508 Nuncia
580 1469 645 1515 illiy
676 1482 806 1519 queso.
837 1470 883 1507 de
911 1482 983 1507 me.
1043 1468 1138 1507 Volo
1177 1468 1281 1507 enim
1310 1466 1439 1506 uidere
1476 1467 1584 1505 illum
1619 1473 1655 1505 et

239 1543 328 1568 cum
370 1542 414 1568 eo
462 1529 723 1568 sermocinari.
792 1530 993 1578 Ingressus
1035 1533 1164 1566 autem
1214 1540 1309 1577 puer
1351 1525 1544 1565 nuntiauit
1583 1526 1654 1564 hec

239 1588 396 1628 domino
425 1601 508 1627 suo.
564 1588 639 1636 Qui
668 1587 796 1626 statim
825 1587 933 1626 iussit
962 1600 1051 1625 eum
1079 1585 1238 1625 introire
1267 1586 1314 1624 ad
1343 1599 1396 1624 se.
1452 1586 1653 1635 Ingressus

238 1653 367 1687 autem
409 1648 639 1686 Theodorus
686 1646 783 1697 cepit
826 1646 988 1685 obnixe*
1030 1659 1118 1684 eum
1153 1644 1312 1695 precari,
1358 1650 1399 1682 ut
1437 1644 1508 1683 sibi
1547 1645 1653 1682 daret

239 1721 377 1746 aurum
407 1708 455 1745 ad
484 1707 724 1757 operandum
752 1719 841 1745 cum
870 1719 915 1744 eo
935 1705 974 1743 in
1005 1718 1146 1743 nauem
1175 1717 1297 1743 suam.
1355 1703 1423 1742 Cui
1444 1703 1652 1742 Abramius

159 1765 208 1803 Ξῖ)
239 1766 455 1817 respondit:
499 1765 662 1804 Domine
713 1765 928 1811 Theodore,
967 1764 1121 1814 quando
1159 1763 1265 1802 diues
1312 1776 1409 1809 eras,
1451 1762 1579 1813 sepius
1618 1768 1653 1801 te

239 1825 382 1876 rogaui,
421 1831 462 1863 ut
500 1825 692 1875 acciperes
740 1838 762 1863 a
804 1837 866 1862 me
903 1836 1042 1862 aurum
1082 1824 1130 1861 ad
1173 1823 1411 1872 operandum
1464 1835 1551 1860 cum
1594 1835 1651 1861 eo.

238 1891 274 1923 et
304 1883 470 1923 noluisti.
528 1884 574 1922 Et
603 1897 720 1931 nunc,
760 1883 914 1932 quando
943 1883 1064 1921 factus
1093 1895 1134 1920 es
1172 1895 1327 1932 pauper,
1367 1881 1492 1931 queris
1531 1895 1553 1919 a
1591 1894 1653 1919 me

238 1947 400 1983 aurum?
457 1943 496 1982 Si
535 1944 639 1982 enim
682 1942 891 1992 contigerit,
934 1947 975 1980 ut
1018 1942 1198 1991 perdatur
1241 1953 1377 1979 aurum
1420 1941 1521 1989 quod
1565 1939 1652 1978 tibi*

239 2004 389 2048 dedero,
429 2002 518 2052 quid
553 2002 630 2041 iarn
667 2002 792 2041 habeo
821 2007 963 2047 tenere,
999 2014 1088 2039 curn
1118 2000 1235 2039 nichil
1262 2000 1431 2038 habeas?
1487 1999 1533 2037 Et
1563 1999 1651 2049 quid

158 2062 210 2099 30
238 2062 467 2112 exspectabo
496 2076 517 2099 a
546 2067 594 2107 te,
625 2061 802 2112 precipue
831 2073 919 2099 cum
948 2059 997 2098 sit
1024 2060 1061 2098 in
1092 2058 1189 2098 mari
1217 2059 1326 2098 labor
1346 2061 1459 2097 tuus?
1501 2059 1650 2097 Tamen

237 2121 268 2159 si
298 2121 355 2159 uis
385 2127 426 2159 ut
454 2122 542 2159 dem
571 2121 637 2159 libi
665 2134 816 2167 aurum,
855 2120 904 2158 (la
937 2118 1052 2158 michi
1082 2118 1350 2169 antiphonitin,
1394 2118 1431 2157 id
1473 2122 1530 2156 est
1572 2131 1652 2156 me-

95 2184 221 2220 E13⁶2v
239 2180 424 2219 diatorem
463 2180 519 2218 vel
559 2180 820 2219 fideiussorem
856 2179 1080 2229 legitimum,
1122 2183 1163 2216 ut
1191 2178 1355 2216 habeam
1373 2191 1419 2216 ex
1440 2176 1454 2228 ΙΙ
1475 2190 1520 2216 eo
1551 2178 1651 2227 quod

239 2239 304 2278 tibi
334 2239 486 2284 dedero,
516 2244 552 2277 et
580 2240 679 2277 dabo
708 2238 774 2278 tibi
805 2243 1160 2288 quantumcumque
1195 2237 1352 2287 pecieris
1381 2249 1531 2275 aurum.
1588 2236 1650 2274 Ait

238 2299 285 2337 ad
315 2311 402 2336 eum
441 2297 686 2337 Theodorus:
731 2298 894 2336 Domine
922 2296 1117 2343 Abramie,
1148 2297 1259 2335 crede
1288 2295 1403 2335 michi
1433 2294 1520 2345 quia
1555 2294 1650 2333 mul-

157 2358 208 2395 35
237 2363 308 2404 tos,
340 2363 379 2394 ut
409 2362 512 2406 puto,
542 2357 666 2395 habeo
700 2357 845 2395 amicos
875 2361 911 2395 et
945 2356 1105 2407 probaui
1140 2368 1218 2402 eos,
1250 2361 1285 2394 et
1315 2355 1446 2394 inueni
1481 2354 1570 2404 quia
1603 2356 1649 2392 ad

347 2451 360 2483 1
401 2450 546 2493 appreh.
584 2450 657 2483 ΕΚ
714 2450 734 2482 2
771 2449 929 2483 bibiendi
965 2452 1000 2483 et
1033 2448 1146 2483 inebr.
1173 2449 1242 2483 Κἠ
1291 2448 1313 2481 4
1347 2447 1398 2481 eis
1433 2445 1485 2480 K¹
1543 2446 1649 2480 5116-

236 2503 361 2537 breum
401 2504 475 2536 ΕΚ
534 2505 555 2536 6
593 2502 821 2536 habi-amium
858 2504 895 2536 Κ
955 2503 977 2536 8
1014 2501 1182 2546 quicquid
1222 2502 1295 2535 ΕΚ
1357 2501 1397 2534 12
1433 2499 1567 2541 hebrei]
1608 2502 1645 2538 -ξ-

235 2556 332 2591 eunti
368 2557 419 2595 Κ·,
452 2555 683 2589 vonstituerat
710 2557 750 2589 Κ
796 2558 840 2589 23).
879 2556 928 2598 ut]
969 2558 1008 2596 -l-
1044 2566 1173 2589 aurum
1213 2554 1288 2588 ΕΚ
1338 2554 1382 2587 ΕΠ
1415 2551 1570 2596 quando]
1607 2556 1644 2589 ÷

236 2620 371 2653 pauper
398 2610 469 2642 ΕΚ
517 2611 562 2642 28
588 2609 801 2649 contingerit
829 2610 916 2647 ΕΚ;
945 2608 1070 2652 perdas
1096 2609 1171 2642 ΕΚ
1218 2609 1257 2641 31
1289 2605 1550 2650 antyphonilim
1578 2606 1651 2638 ΕΚ

235 2663 406 2706 (semper)
458 2664 501 2696 :32
528 2663 582 2704 ex]
611 2662 656 2696 ab
685 2663 757 2695 ΕΚ
804 2662 849 2695 :34
874 2662 1010 2695 abrami
1040 2663 1110 2696 ΕΚ
