1834 2967
863 123 1127 161 —ssg-

289 246 490 297 episcopus
519 250 556 285 et
585 245 678 285 dixit
707 246 778 285 eis:
821 246 954 295 Neque
983 250 1126 284 cartam
1156 258 1243 284 cum
1282 258 1327 284 eo
1362 245 1573 296 sepelistis?
1629 246 1703 293 Qui

289 305 417 345 statim
446 305 692 344 rememorati
710 328 756 334 -—-
778 305 1008 356 ignorabant
1037 305 1140 343 enim
1161 306 1260 354 quod
1291 310 1445 355 propter
1475 310 1618 343 cartam
1639 318 1704 344 eos

288 366 540 415 interrogaret
583 386 630 392 -—
671 364 850 404 dixerunt
894 364 946 403 ei:
993 364 1137 412 Eciam,
1185 363 1413 402 dominator.
1469 364 1569 402 Nam
1617 377 1705 403 cum

289 425 460 464 uenisset
489 425 537 463 ad
564 428 731 463 mortem
760 429 868 474 pater
896 427 1042 470 noster⁷
1072 428 1216 462 cartam
1237 425 1433 473 quandam
1463 423 1563 462 dedit
1592 423 1704 462 nobis

238 486 261 523 5
291 484 440 523 dicens:
470 483 622 522 Mecum
651 483 880 533 consepelite
909 487 1053 521 cartam
1082 482 1194 520 istam
1224 482 1379 521 nemine
1408 481 1562 520 sciente.

399 543 510 581 Tunc
537 545 722 580 narrauit
750 545 804 580 eis
831 544 1025 591 episcopus
1052 544 1238 579 uisiotzem
1269 555 1382 592 quam
1418 543 1573 579 uiderat
1600 547 1707 580 nocte

290 603 359 640 illa
399 607 433 640 et
473 614 676 640 assumens
720 614 848 639 secum
886 614 1043 640 omnem
1087 600 1230 639 clerum
1260 606 1298 639 et
1344 601 1532 650 quosdam
1560 600 1706 650 religio-

148 667 277 702 K139v
291 662 376 699 sos*
404 659 519 699 laicos
555 673 601 699 ex
640 659 791 699 ciuitate
829 659 1005 698 abierunt
1042 660 1090 698 ad
1128 660 1422 710 sepsoulchrum
1450 658 1705 710 philoso'Iphi.

289 720 402 767 Quod
435 718 649 769 aperientes
677 718 911 757 inuenerunt
948 732 1036 758 eum
1065 718 1254 758 iacentem
1282 724 1318 758 et
1355 718 1627 769 cirographum
1667 717 1708 757 in

215 780 264 818 10
291 791 410 817 manu
439 783 646 817 tenentem.
703 778 814 825 Quod
838 779 977 817 tollens
998 777 1199 829 episcopus
1228 779 1275 817 de
1302 791 1422 817 manu
1451 777 1532 816 eius
1561 778 1722 828 aperuit‘

291 843 328 876 et
356 836 505 876 inuenit
533 837 659 875 adhuc
688 842 881 875 recentem
910 837 1239 888 subscripcionem
1267 837 1498 876 habentem*
1525 836 1594 877 ita:
1630 837 1709 887 Ego

293 896 480 946 Euagrius
521 895 773 946 philosophus
815 896 1058 935 sanctissimo
1100 896 1278 946 episcopo
1321 896 1481 935 Senesio
1525 896 1707 935 salutem!

294 955 436 1006 Recepi
465 955 637 993 debitum
666 960 703 993 et
732 956 930 1006 conpletus
951 969 1038 994 sum
1067 955 1106 993 in
1127 955 1309 994 omnibus
1338 968 1411 1005 que
1439 955 1478 993 in
1506 954 1580 994 ista
1605 961 1710 994 carta

292 1015 432 1065 scripta
465 1019 555 1053 sunt
584 1019 621 1052 et
649 1015 795 1052 nullam
825 1015 1019 1053 racionem
1048 1014 1174 1053 habeo
1203 1020 1295 1065 aput
1322 1019 1360 1053 te
1388 1019 1543 1065 propter
1573 1027 1711 1053 aurum

218 1076 265 1113 15
295 1075 395 1123 quod
425 1073 511 1112 dedi
540 1072 620 1118 tibi,
650 1078 691 1112 ut
720 1087 787 1124 per
806 1079 843 1112 te
872 1074 1025 1112 daretur
1054 1072 1180 1112 ueraci
1202 1074 1280 1112 Deo
1301 1079 1338 1112 et
1366 1073 1548 1113 saluatori
1576 1079 1710 1112 nostro

291 1134 404 1172 Ihesu
435 1132 601 1172 Christo.
660 1132 768 1172 Vnde
806 1146 942 1172 omnes
972 1133 1224 1183 obstupefacti
1261 1146 1350 1171 cum
1389 1132 1566 1183 episcopo
1596 1133 1710 1171 simul

168 1199 272 1234 E157
291 1196 474 1243 ceperunt
511 1205 579 1242 per
619 1191 760 1230 multas
798 1193 915 1231 horas
953 1192 1146 1242 magtznis.
1169 1191 1330 1230 uocibus
1372 1193 1556 1231 clamare:
1599 1192 1712 1242 Kyrie

293 1251 437 1290 eleison
467 1256 504 1289 et
532 1251 743 1301 glorificare
772 1251 895 1290 Deum
925 1251 989 1301 qui
1017 1250 1106 1290 facit
1133 1250 1323 1289 mirabilia
1350 1264 1492 1301 magna
1520 1251 1567 1290 ad
1605 1250 1712 1290 certi-

295 1311 468 1349 tudinem
497 1315 534 1349 et
563 1310 897 1349 confirmationem
926 1323 1127 1349 seruorum
1157 1323 1328 1349 suorum.

214 1371 266 1410 20
401 1369 693 1408 Testificabatur
734 1375 770 1408 et
812 1370 886 1408 hoc
927 1369 1029 1408 idem
1069 1369 1150 1420 ipse
1190 1370 1250 1408 uir
1291 1368 1490 1420 religiosus
1533 1369 1712 1408 dominus

293 1429 489 1476 Leontius,
531 1428 619 1479 quia
661 1429 752 1467 illud
788 1428 1058 1480 cirographum
1104 1430 1206 1479 quod
1240 1429 1562 1479 subscriptionem
1597 1429 1714 1467 habet

297 1488 526 1539 phylosophi
547 1502 669 1538 usque
689 1488 803 1527 hodie
823 1491 1045 1539 permanet*
1065 1489 1217 1527 saluum
1237 1494 1273 1527 et
1293 1488 1487 1539 integrum
1515 1488 1555 1527 in
1582 1501 1714 1527 sceno-

297 1547 420 1586 filacio
457 1547 613 1586 ecclesie
643 1547 935 1598 Cyrenensium.
991 1548 1038 1586 Et
1077 1547 1308 1598 quicumque
1345 1548 1419 1586 hoc
1455 1547 1714 1586 ministerium

296 1605 505 1656 susceperit
534 1605 803 1656 qualicumque
832 1612 1016 1657 tempore,
1046 1607 1138 1645 illud
1158 1607 1198 1645 in
1220 1606 1367 1657 scriptis
1397 1606 1528 1657 recipit
1547 1606 1656 1646 sicuti
1678 1611 1714 1645 et

217 1667 269 1704 25
299 1665 372 1704 alia
392 1667 507 1703 uasa*
521 1678 629 1704 sacra
645 1665 845 1713 etiterum,
876 1679 964 1704 cum
979 1665 1261 1704 renunciauerit
1283 1666 1419 1713 officio,
1448 1666 1540 1704 illud
1561 1666 1714 1704 saluum

298 1725 433 1763 reddit.
491 1725 728 1764 Reseruatur
756 1730 886 1764 autem
924 1726 971 1764 ad
1000 1725 1264 1764 testimonium
1300 1731 1337 1764 et
1375 1725 1714 1764 confirmacionem

298 1784 482 1831 fidelium,
512 1789 553 1823 ut
582 1785 740 1823 credant
769 1797 905 1823 omnes
935 1784 1024 1834 quia
1052 1785 1172 1823 fidelis
1192 1785 1381 1823 Dominus
1410 1784 1449 1823 in
1479 1784 1607 1823 uerbis
1635 1783 1714 1823 suis

299 1848 335 1882 et
376 1844 478 1893 quod
522 1843 707 1894 promittit
749 1843 960 1883 certissime
998 1843 1181 1895 adimplet
1218 1845 1265 1883 ad
1303 1844 1455 1883 laudem
1491 1849 1527 1882 et
1555 1843 1715 1894 gloriam

301 1903 470 1941 nominis
500 1902 571 1949 sui,
603 1903 667 1952 qui
696 1903 791 1942 uiuit
820 1908 857 1942 et
885 1908 1021 1954 regnat
1050 1906 1090 1942 in
1119 1905 1243 1942 secula
1272 1904 1494 1942 seculorum.
1524 1903 1662 1942 Amen.

221 2052 274 2089 30
688 2044 755 2086 17.
801 2044 874 2086 De
914 2043 1125 2099 quodam
1163 2043 1336 2087 diuite.

299 2130 511 2219 Narrauit
540 2132 653 2171 nobis
681 2133 836 2182 quidam
868 2133 1066 2183 religiosus
1095 2132 1154 2172 uir
1183 2134 1284 2183 quod
1313 2132 1446 2172 fuisset
1484 2133 1522 2172 in
1552 2133 1717 2172 Alexan-

397 2191 477 2230 dria
507 2191 661 2241 quidam
683 2192 800 2231 homo
829 2192 936 2231 diues
965 2193 1087 2231 ualde.
1131 2191 1203 2231 Hic
1224 2192 1410 2243 egrotauit
1430 2193 1468 2231 in
1498 2193 1717 2231 infirmitate

302 2249 420 2289 nimia
449 2256 484 2289 et
514 2250 653 2289 timens
684 2257 846 2290 mortem
887 2252 969 2291 tulit
997 2251 1151 2302 triginta
1188 2251 1303 2290 libras
1333 2252 1415 2291 auri
1453 2257 1488 2291 et
1526 2251 1716 2291 distribuit

410 2357 432 2390 4
467 2356 565 2391 dadit
598 2356 661 2392 K¹
734 2358 756 2391 5
791 2358 846 2391 ist.
871 2361 1006 2392 cartam
1038 2358 1079 2393 K
1151 2359 1189 2391 11
1228 2357 1415 2402 subscrip]
1452 2360 1491 2399 -l-
1528 2358 1572 2392 de
1606 2369 1716 2393 manu

304 2409 506 2453 philosophi
553 2410 594 2444 12
613 2411 849 2453 sanctissimo]
870 2423 922 2444 om
941 2412 983 2446 K
1030 2410 1188 2445 Sinescio
1214 2412 1267 2453 K;
1295 2411 1432 2446 Sinesio
1456 2412 1497 2446 E
1545 2411 1588 2445 14
1612 2415 1646 2446 te
1668 2412 1716 2446 Ε*

306 2464 347 2496 16
385 2463 539 2507 obstup.]
582 2467 620 2505 -ξ-
665 2464 772 2498 simul
808 2465 887 2499 ΕΚ
969 2465 1009 2498 17
1047 2464 1198 2508 magnis]
1235 2464 1342 2499 simul
1377 2464 1430 2499 K1
1484 2466 1522 2506 4-
1563 2475 1646 2499 cum
1679 2465 1722 2499 K

303 2515 510 2550 Kirieleison
538 2517 579 2550 K
625 2518 670 2550 :20
705 2517 859 2551 domnus
886 2518 928 2552 K
971 2518 1016 2551 22
1048 2517 1306 2561 scenophilatio
1332 2518 1385 2558 E;
1412 2517 1651 2562 cenophilatio
1679 2517 1718 2552 K

304 2569 349 2602 ⁶24
375 2569 465 2603 sicut
490 2569 568 2604 ΕΚ
639 2570 684 2603 29
717 2571 853 2614 regnat]
883 2573 921 2611 -Ιμ
952 2571 1046 2605 Deus
1082 2582 1143 2615 per
1178 2571 1300 2605 onmia
1325 2571 1368 2606 K
1436 2572 1480 2605 32
1516 2571 1562 2613 in]
1599 2582 1651 2605 om
1679 2572 1723 2606 K

305 2624 350 2655 :323
376 2634 567 2658 aureorum
593 2624 673 2658 ΕΚ
