1834 2967
726 121 988 158 —43—

148 241 277 280 statim
307 244 441 282 eodem
470 245 585 283 modo
606 257 680 293 quo
711 244 814 293 prius
835 244 968 286 fuerat.
998 250 1126 282 motus
1147 249 1203 282 est
1224 244 1407 291 tumulus,
1439 257 1561 294 egres-

146 313 291 350 susque
319 302 517 342 ecclesiam
546 303 636 341 foris
666 303 779 342 stetit.

255 361 446 401 Omnibus
475 368 602 401 autem
624 362 736 400 simul
766 362 1046 400 admirantibus
1075 363 1121 399 de
1143 367 1218 400 tam
1241 362 1429 411 stupendo
1450 362 1561 400 mira-

151 420 248 467 culoy
270 422 425 471 proiecit
441 436 482 461 se
495 423 556 461 ille
570 422 747 472 princeps
764 422 827 471 qui
845 420 1043 460 ecclesiam
1060 421 1310 460 fabricauerat
1330 428 1418 461 ante
1438 428 1561 461 tumu-

147 478 229 517 lum
257 481 424 520 martiris
450 495 538 520 cum
558 481 700 532 gemitu
730 486 765 520 et
786 480 800 531 Η
821 480 999 528 lacrimis,
1028 480 1229 531 indignum
1258 494 1298 519 se
1326 481 1497 520 iudicans
1527 489 1562 521 et
1588 483 1676 516 T55

149 552 218 588 pro
240 539 318 578 suis
339 540 544 579 sceleribus
574 545 610 579 et
633 540 778 579 delictis
798 541 873 578 hoc
892 539 1108 590 prodigium
1130 552 1215 578 esse
1235 540 1390 586 factum,
1420 547 1455 579 et
1477 542 1561 591 quia

146 598 264 637 nollet
301 599 434 637 martir
471 599 643 638 habitare
682 599 717 637 in
757 599 900 649 templo
938 600 1039 647 quod
1061 597 1075 649 ΙΙ
1095 598 1147 637 illi
1184 604 1463 638 construxerat.
1519 601 1563 639 Et
1580 600 1705 634 ΚΜᾺν

145 656 222 695 iam
251 671 329 696 non
360 659 591 708 presumpsit
620 658 756 707 aliquis
778 664 933 708 tangere
963 658 1168 704 tumulum,
1198 663 1239 696 ut
1258 658 1564 698 introduceretur

146 716 183 754 in
215 716 425 756 ecclesiam.

251 775 370 814 Nocte
398 789 490 815 uero
531 776 703 815 insecuta
741 790 829 815 cum
867 789 1003 815 omnes
1032 776 1177 815 solliciti
1218 781 1346 815 essent
1383 777 1429 815 de
1450 775 1464 826 ΙΙ
1485 783 1562 815 tam
1593 777 1616 809 Η
1632 777 1677 811 85

141 835 334 884 stupendo
362 835 556 882 miraculo,
587 835 763 886 apparuit
791 835 970 885 episcopo
998 840 1154 874 sanctus
1183 836 1319 874 martir
1348 835 1386 874 in
1415 836 1564 875 uisione

144 893 312 943 dixitque
332 893 399 933 illi:
429 894 567 941 Nolite,
589 908 720 944 queso,
741 896 808 933 hoc
822 898 988 946 coyitare
1010 899 1051 933 ut
1070 895 1186 933 michi
1204 894 1398 945 imputetis
1419 894 1434 945 ΙΙ
1455 896 1563 945 quasi
1590 895 1612 928 S
1627 896 1670 928 66

144 965 223 991 non
266 952 399 1002 digner
441 954 654 993 orationem
697 959 868 993 uestram
911 959 947 992 et
987 954 1175 1004 templum
1219 955 1321 1003 quod
1362 954 1563 993 edificastis

143 1011 271 1051 michi.
329 1012 486 1063 Suscepi
524 1012 627 1051 enim
666 1018 701 1052 et
740 1013 879 1063 gratias
917 1026 1001 1063 ago,
1059 1013 1134 1051 Sed
1173 1018 1329 1064 propter
1367 1013 1563 1052 caritatem

143 1084 289 1121 precor,
328 1077 369 1109 ut
398 1071 571 1122 fatigium
610 1086 742 1111 sumas
771 1085 894 1122 usque
933 1073 981 1111 ad
1020 1072 1133 1111 talem
1172 1072 1364 1111 ciuitatem
1404 1073 1450 1110 ad
1490 1073 1563 1123 epi·
1597 1068 1642 1104 15

143 1143 303 1180 scopum
332 1144 463 1170 meum
494 1136 530 1170 et
559 1131 672 1170 dicito
701 1131 752 1170 illi
782 1137 823 1170 ut
858 1131 1033 1170 absoluat
1071 1145 1134 1170 me
1170 1146 1192 1170 a
1220 1131 1376 1170 uinculo
1412 1145 1562 1171 excom-

141 1189 425 1228 municationis.
489 1190 850 1230 Excornmunicauit
888 1190 991 1229 enim
1034 1204 1097 1229 me
1139 1205 1161 1230 a
1203 1203 1313 1229 sacro
1350 1190 1562 1230 ministerio

142 1247 271 1288 misse.
314 1253 350 1287 et
393 1254 594 1299 propterea
631 1263 711 1289 non
755 1263 914 1301 possum
956 1255 1056 1288 stare
1099 1251 1147 1288 ad
1190 1249 1352 1288 offitium
1393 1251 1561 1290 ecclesie.

143 1307 215 1345 nisi
245 1309 308 1345 ille
336 1308 542 1348 absoluerit
581 1323 656 1348 me.
713 1309 910 1348 Coronam
949 1314 1077 1347 autem
1107 1309 1266 1348 martirii
1304 1309 1407 1348 misit
1446 1310 1562 1349 michi

138 1366 330 1405 Dominus
377 1368 511 1406 Ihesus
554 1368 749 1416 Christus;
794 1374 883 1408 ante
933 1373 1182 1419 conspectum
1226 1381 1319 1407 uero
1360 1369 1442 1408 eius
1480 1383 1559 1408 non
1591 1362 1642 1399 20

141 1438 300 1476 possum
329 1426 486 1466 introire
514 1441 583 1478 pro
605 1424 673 1466 ‘'eo’
703 1429 805 1478 quod
839 1441 926 1466 sum
965 1427 1336 1466 excommunicatus.
1393 1428 1440 1466 Et
1477 1428 1563 1467 uide

139 1497 190 1523 ne
218 1490 381 1535 temptes
411 1491 476 1525 aut
505 1500 706 1537 presumas
736 1488 937 1526 absoluere
974 1500 1037 1526 me
1066 1492 1107 1525 tu
1145 1487 1238 1537 ipse,
1277 1486 1461 1537 quoniam
1490 1488 1562 1526 nisi

139 1543 201 1582 ille
230 1544 293 1592 qui
313 1544 444 1595 ligauit
464 1559 526 1584 me
545 1546 765 1593 absoluerity
795 1560 920 1596 neque
939 1547 1058 1585 homo
1088 1559 1213 1596 neque
1233 1546 1391 1597 angelus
1421 1547 1561 1596 poterit

139 1616 203 1641 me
232 1603 442 1643 absoluere.
500 1605 752 1655 Quecumque
786 1606 876 1656 ligat
906 1607 1082 1644 sacerdos
1112 1605 1149 1644 in
1181 1611 1293 1651 terray
1328 1605 1442 1656 ligata
1471 1612 1561 1645 sunt

141 1667 176 1701 et
206 1662 242 1700 in
275 1663 375 1702 celis.
398 1663 412 1714 ΙΙ
1416 1664 1418 1667 ’
1572 1661 1702 1695 El43v

246 1722 361 1761 Mane
396 1729 525 1763 autern
573 1724 670 1763 facto
714 1725 886 1763 narrauit
925 1724 1126 1774 episcopus
1163 1724 1269 1762 omni
1309 1725 1448 1774 populo
1487 1738 1559 1774 que

139 1780 288 1820 uiderat
326 1795 475 1832 queque
510 1783 682 1822 audierat
719 1797 742 1821 a
785 1789 918 1822 sancto
961 1783 1131 1822 martire.
1189 1783 1334 1821 Euntes
1375 1796 1466 1822 uero
1511 1785 1558 1822 ad

139 1840 361 1891 episcopum
399 1842 566 1881 martiris
602 1843 789 1893 premissa
825 1842 997 1881 oratione
1035 1843 1209 1892 legerunt
1247 1842 1444 1892 epistolam
1485 1843 1558 1893 epi-

141 1899 257 1948 scopi.
314 1899 431 1939 Cuius
460 1906 586 1940 textus
621 1907 679 1940 est
714 1901 801 1940 iste:
850 1901 958 1939 Tibi*
993 1901 1080 1940 dicit
1116 1901 1333 1939 communis
1371 1900 1558 1940 Dominus

141 1963 272 1997 noster
309 1958 443 1998 Ihesus
474 1960 650 1998 Christus
688 1973 755 2011 per
775 1959 789 2010 Η
810 1960 994 1998 humilem
1034 1965 1070 1999 et
1098 1959 1301 2009 indignum
1338 1959 1559 2011 episcopum
1578 1955 1688 1989 T55V

139 2022 271 2056 tuum:
314 2023 467 2068 propter
510 2020 653 2058 bonam
689 2018 971 2057 confessionem
1007 2024 1112 2057 tuam
1156 2024 1192 2057 et
1225 2023 1418 2058 certamen
1457 2021 1558 2069 quod

139 2076 353 2115 sustinuisti
383 2090 451 2127 pro
481 2077 562 2116 eius
591 2077 751 2116 nomine
791 2077 842 2116 sis
877 2077 1076 2116 absolutus
1105 2091 1127 2116 a
1155 2076 1312 2117 uinculo
1340 2091 1558 2117 excommu-

138 2135 358 2182 nicatIOnis3
398 2135 597 2186 ingredere
635 2141 671 2175 et
708 2136 882 2175 ministra
913 2142 952 2175 ut
987 2136 1186 2186 presbiter.
1243 2136 1427 2176 Mirabilis
1456 2138 1558 2176 Deus

137 2193 175 2232 in
207 2194 349 2232 sanctis
378 2193 457 2232 suis
487 2195 678 2245 operibus.

255 2302 267 2333 1
308 2300 446 2344 primus
478 2299 529 2334 T¹
591 2301 611 2334 Ξ)
643 2300 738 2334 foras
772 2301 849 2334 ΕΚ
906 2301 927 2334 3
963 2300 1240 2335 ammirantibus
1266 2302 1308 2335 K
1362 2301 1385 2334 4
1411 2301 1558 2345 proiecit

140 2363 178 2387 se
203 2352 241 2387 in
267 2355 400 2387 terram
427 2356 510 2387 ante
536 2355 624 2387 tum.
644 2356 748 2387 mart.
767 2353 932 2397 princeps
957 2353 1017 2387 ille
1043 2353 1113 2395 (ille
1131 2365 1182 2398 pr.
1203 2355 1257 2395 K)
1285 2353 1346 2398 qui
1369 2354 1558 2388 ecclesiam

138 2406 330 2446 (tumulum
356 2407 409 2446 K)
437 2405 526 2439 fabr.
552 2406 627 2439 ΕΚ
685 2407 705 2439 6
738 2406 873 2440 facturn
906 2417 983 2440 esse
1011 2407 1049 2439 K
1107 2407 1130 2441 8
1155 2407 1337 2441 tumulum
1364 2407 1494 2450 aliquis
1523 2408 1562 2440 Κ

139 2459 183 2493 13
220 2463 378 2493 uestram
416 2462 505 2493 orat.
537 2458 565 2494 S
636 2459 809 2493 edificatis
852 2460 883 2494 T
954 2460 996 2493 15
1034 2458 1217 2502 fastigium
1255 2458 1345 2494 BT¹
1423 2461 1462 2493 17
1499 2470 1557 2493 me

139 2511 237 2546 enim
278 2513 349 2546 BT
419 2512 462 2546 18
504 2515 598 2546 stare
639 2522 712 2547 non
755 2523 848 2556 poss.
880 2513 956 2546 ΕΚ
1027 2513 1069 2545 19
1112 2513 1297 2556 coronam]
1339 2523 1460 2547 coram
1508 2513 1539 2546 T
1547 2511 1557 2531 ¹

142 2565 184 2598 21
204 2565 352 2599 introire
377 2575 451 2599 non
470 2575 562 2609 poss.
582 2566 657 2599 ΕΚ
702 2566 746 2599 23
773 2564 923 2608 absolu.]
948 2568 1050 2606 —t—me
1068 2567 1144 2599 ΕΚ
1189 2566 1235 2600 24
1261 2566 1374 2609 queo]
1396 2567 1435 2606 4-
1459 2564 1555 2599 enim

140 2619 217 2652 ΕΚ
273 2619 317 2651 29
343 2617 420 2662 tibi]
446 2629 499 2652 om
526 2619 597 2652 BT
651 2618 696 2652 34
722 2618 890 2662 operibus
916 2618 991 2653 suis
1018 2619 1046 2651 S
