1834 2967
296 252 370 288 que
410 238 461 277 illi
502 238 862 286 conmendanimus,
905 238 994 289 quia
1036 242 1216 289 egemus?
1272 239 1527 289 Respondens
1569 239 1706 278 mulier

292 300 392 336 dixit
430 300 482 336 ei:
521 298 664 345 Eciam,
705 298 860 336 domine
897 298 962 337 mi.
1019 298 1125 336 Vade
1166 297 1254 336 illuc
1297 298 1362 336 ubi
1399 311 1444 336 ea
1483 297 1631 345 dedisti,
1670 303 1706 337 et

293 356 444 395 dabitur
473 356 540 395 tibi
570 370 657 395 cum
696 357 802 396 omni
842 356 977 396 leticia.
1033 357 1098 395 Ille
1140 362 1270 395 autem
1311 356 1479 395 cucurrit
1515 357 1564 395 ad
1592 358 1706 396 eccle-

150 422 278 457 E154v
298 416 395 454 siam
417 414 431 466 ΙΙ
452 421 488 455 et
517 417 676 454 ueniens
697 416 736 454 in
754 416 882 454 locum
902 416 968 454 ubi
995 415 1190 455 miliarisia
1210 421 1434 466 erogauerat
1461 415 1706 466 pauperibus,

240 478 263 515 5
293 488 458 524 querens
499 488 567 525 per
607 480 726 514 totam
757 475 969 523 ecclesiam,
1008 488 1169 525 sperans
1206 474 1373 525 aliquem
1419 474 1595 513 inuenire
1641 474 1706 524 qui

292 533 365 572 sibi
393 534 588 573 racionem
617 535 773 581 faceret;
805 539 840 573 et
869 547 949 573 non
978 534 1073 573 uidit
1093 534 1260 584 aliquem
1289 534 1353 584 qui
1382 533 1415 572 ei
1444 533 1586 584 aliquid
1614 534 1705 572 dare

290 594 437 632 deberet
479 593 552 632 nisi
594 595 837 632 solummodo
878 607 1065 644 pauperes
1104 594 1166 643 qui
1219 594 1410 644 petebant.
1468 593 1576 643 Cepit
1612 606 1705 631 uero

291 652 391 691 intra
406 652 654 703 semetipsum
670 653 852 703 cogitare:
869 653 938 692 Cui
953 653 1101 692 dicam?
1130 653 1200 692 Cui
1217 657 1399 703 queram?
1429 652 1529 700 Quid
1540 652 1704 691 faciam?

397 712 497 750 Dum
526 713 598 751 hec
627 712 819 762 cogitaret,
850 712 943 750 uidit
970 717 1060 751 ante
1088 713 1203 762 pedes
1242 725 1333 751 suos
1362 725 1478 762 supra
1512 725 1706 750 marmore

214 775 262 812 10
290 769 413 809 iacere
442 784 563 809 unum
593 784 640 809 ex
676 770 882 809 miliarisiis
912 772 1014 821 quod
1042 771 1275 822 pauperibus
1312 776 1537 821 erogauerat
1575 776 1611 809 et
1649 770 1706 809 in-

291 829 439 868 clinans
482 843 523 868 se
562 829 646 868 tulit
684 842 772 868 eum
814 835 850 868 et
887 843 1066 869 reuersus
1105 835 1162 869 est
1197 830 1236 868 in
1281 831 1441 869 domum
1479 843 1603 870 suam.
1659 830 1705 868 Et

291 889 384 927 dixit
412 889 520 927 uxori
551 902 637 928 sue:
668 889 763 927 Ecce
792 888 844 927 iui
873 890 921 927 ad
950 889 1149 928 ecclesiam
1179 894 1349 928 uestram
1378 895 1414 928 et
1443 890 1554 928 crede
1573 888 1704 935 michi,

290 947 437 994 mulier,
468 948 556 997 quia
585 948 803 986 nullatenus
833 948 910 986 uidi
942 948 1066 986 Deum
1096 948 1406 996 christianorum,
1449 947 1545 987 sicut
1575 948 1705 986 dixisti

290 1007 419 1053 michi,
449 1012 485 1045 et
505 1007 632 1045 nullus
653 1007 769 1045 michi
783 1006 946 1057 aliquid*
962 1007 1079 1054 dedit3
1111 1008 1353 1046 solummodo
1372 1007 1446 1046 hoc
1465 1007 1704 1046 miliarisium

213 1070 260 1107 15
290 1065 422 1104 inueni
450 1065 489 1103 in
518 1066 600 1104 loco
630 1066 692 1104 illo
721 1065 786 1104 ubi
815 1071 851 1104 et
880 1079 949 1116 ego
978 1065 1063 1104 dedi
1092 1066 1175 1117 ipsa
1202 1066 1409 1105 miliarisia.
1467 1066 1577 1104 Tunc
1612 1066 1704 1104 dixit

290 1125 322 1163 ei
352 1125 415 1163 illa
441 1124 626 1163 mirabilis
646 1124 805 1164 femina:
836 1126 920 1175 Ipse
941 1130 997 1163 est
1017 1125 1119 1163 Deus
1149 1138 1258 1164 meus
1286 1125 1350 1174 qui
1377 1125 1451 1163 hoc
1479 1124 1546 1163 tibi
1574 1125 1704 1163 inuisi-

290 1183 412 1223 biliter
441 1184 554 1223 dedit.
610 1184 815 1222 Inuisibilis
845 1184 949 1222 enim
978 1189 1035 1222 est
1063 1189 1099 1222 et
1127 1184 1309 1223 inuisibili
1339 1184 1479 1222 uirtute
1512 1196 1556 1222 ac
1584 1197 1703 1222 manu

290 1244 479 1282 mundum
499 1242 616 1292 regit*
645 1249 778 1282 totum.
823 1243 898 1282 Sed
918 1244 1028 1290 uade⁷
1058 1243 1213 1282 domine
1241 1243 1307 1290 mi,
1337 1249 1374 1282 et
1402 1256 1486 1282 eme
1516 1242 1626 1281 nobis
1657 1255 1703 1281 ex

289 1303 362 1341 hoc
392 1303 492 1352 quod
513 1303 614 1341 Deus
634 1315 744 1341 meus
765 1302 876 1341 nobis
907 1302 1008 1340 dedit
1038 1307 1077 1341 ut
1099 1302 1315 1341 nutriamur
1334 1302 1467 1349 hodie3
1498 1307 1534 1340 et
1563 1301 1703 1340 iterum

210 1365 262 1403 ΞΟ
290 1361 361 1412 ipsi
390 1361 458 1400 tibi
486 1361 588 1400 dabit
619 1367 809 1412 oportuno
838 1367 1020 1412 tempore.

396 1420 501 1459 Abiit
529 1434 619 1471 ergo
648 1421 752 1459 iuxta
782 1421 945 1460 uerbum
974 1421 1144 1460 mulieris
1174 1426 1210 1459 et
1238 1421 1476 1471 comparauit
1504 1421 1639 1460 uinum
1670 1426 1705 1459 et

172 1489 273 1522 S73v
292 1493 433 1530 panem
471 1485 507 1518 et
544 1480 700 1530 piscem.
758 1480 803 1518 Et
841 1480 1001 1518 ueniens
1045 1479 1198 1519 tradidit
1240 1479 1402 1519 mulieri.
1425 1479 1439 1530 ΙΙ
1487 1480 1534 1518 Vt
1575 1485 1705 1519 autem

290 1538 431 1590 recepit
450 1539 588 1577 mulier
606 1540 678 1578 hec
699 1539 842 1586 omnia⁷
868 1539 965 1590 cepit
981 1541 1114 1578 radere
1130 1540 1284 1590 piscem.
1327 1540 1372 1578 Et
1392 1553 1479 1578 cum
1495 1539 1706 1590 aperuisset

150 1608 278 1642 K137v
292 1611 393 1645 eum⁷
422 1598 571 1637 inuenit
599 1598 638 1636 in
668 1598 912 1637 interioribus
942 1598 1022 1637 eius
1060 1599 1248 1649 la'lpidem
1278 1599 1493 1649 preciosum
1527 1599 1703 1644 multum,

213 1662 262 1700 25
291 1658 484 1696 intantum
526 1663 567 1696 ut
608 1657 813 1697 miraretur
854 1658 991 1696 mulier
1031 1658 1071 1696 in
1116 1657 1398 1708 pulchritudine
1447 1657 1540 1696 eius.
1607 1657 1704 1696 Cum

293 1729 384 1755 uero
426 1717 596 1756 uenisset
637 1717 695 1755 uir
738 1717 831 1764 eius,
874 1722 1055 1768 ceperunt
1097 1716 1254 1768 epulari.
1320 1718 1365 1756 Et
1407 1730 1494 1756 cum
1537 1718 1704 1762 ederent.

291 1776 455 1815 ostendit
496 1776 633 1815 mulier
674 1776 839 1827 lapidem
888 1790 1002 1827 quem
1051 1777 1251 1816 inuenerat
1300 1777 1338 1815 in
1376 1777 1477 1827 pisce
1515 1776 1598 1815 uiro
1636 1789 1705 1814 suo

291 1835 439 1874 dicens:
471 1835 565 1874 Ecce
593 1835 634 1874 in
654 1841 789 1875 uentre
818 1836 931 1886 piscis
959 1835 1103 1874 inueni.
1146 1836 1271 1883 Quem
1300 1842 1340 1874 ut
1362 1836 1467 1883 uidit,
1497 1835 1706 1874 admiratus

292 1900 348 1933 est
377 1894 416 1933 in
446 1895 730 1945 pulchritudine
765 1895 859 1942 eiusy
897 1895 983 1934 licet
1016 1895 1209 1946 ignoraret
1247 1900 1427 1934 naturam
1465 1895 1558 1934 eius.
1615 1895 1707 1933 Post

213 1958 264 1995 30
292 1953 536 1993 refectionem
567 1967 659 1993 uero
687 1954 768 1994 eius
798 1954 891 1993 dixit
921 1954 979 1993 uir
1007 1954 1118 1993 uxori
1147 1967 1236 1993 sue:
1275 1955 1332 1993 Da
1367 1955 1483 1993 michi
1512 1955 1617 1993 hunc
1655 1954 1706 1993 la-

173 2021 278 2056 E155
291 2013 418 2064 pidem
447 2019 483 2052 et
512 2015 632 2061 uado;
664 2014 823 2053 forsitan
858 2013 1055 2053 inueniam
1085 2013 1149 2064 qui
1170 2013 1184 2064 ΙΙ
1206 2019 1307 2053 emat
1328 2027 1429 2053 eum.
1485 2013 1572 2053 Non
1603 2013 1706 2053 enim

292 2072 435 2111 sciebat
464 2073 553 2122 quid
584 2079 684 2112 esset
713 2079 778 2112 aut
807 2074 898 2123 quid
927 2074 1082 2119 ualeret,
1112 2072 1326 2112 idiotaclius
1356 2086 1444 2112 cum
1474 2079 1585 2112 esset.

398 2131 495 2170 Cum
525 2137 654 2171 autem
685 2133 831 2172 tulisset
860 2132 1037 2183 lapidem,
1067 2133 1158 2171 abiit
1188 2134 1235 2170 ad
1261 2133 1481 2183 trapezitam
1511 2138 1545 2171 et
1573 2146 1706 2183 argen-

292 2190 444 2230 tarium.
501 2191 564 2230 Sic
593 2198 649 2230 est
687 2192 726 2230 in
755 2192 838 2230 1000
874 2192 953 2231 illo:
996 2205 1118 2230 unum
1159 2192 1283 2241 adque
1322 2193 1422 2231 idem
1461 2192 1642 2242 trapezita
1670 2196 1706 2231 et

401 2298 415 2331 1
438 2298 626 2332 conmend.
646 2298 694 2332 illi
713 2299 751 2331 K
791 2297 973 2342 respondit
992 2297 1120 2332 mulier
1134 2299 1209 2331 ΕΚ
1248 2298 1268 2331 3
1283 2298 1481 2341 ecclesiam]
1498 2301 1536 2339 -1-
1552 2298 1706 2332 cucurrit

291 2351 370 2386 ΕΚ
415 2352 436 2384 ἴ)
462 2350 618 2394 aliquem
646 2352 699 2385 Κὲτ
758 2353 778 2385 6
806 2351 948 2395 faceret]
974 2351 1136 2385 redderet
1163 2351 1240 2385 EK
1295 2352 1395 2385 daret
1420 2351 1498 2386 ΕΚ
1563 2352 1581 2385 7
1615 2355 1707 2395 pete-

292 2407 372 2438 rent
397 2405 436 2437 Κ
491 2405 513 2438 8
538 2404 706 2448 cogitare]
736 2407 773 2446 -ξ-
803 2405 924 2439 dicens
950 2405 1027 2440 EK
1083 2407 1102 2437 ἱ)
1138 2415 1297 2438 marmor
1330 2405 1408 2439 ΕΚ
1465 2406 1506 2439 15
1541 2404 1628 2449 ipsa]
1662 2407 1701 2446 -ff-

292 2457 551 2501 quinquaginta
576 2459 653 2492 ΕΚ
718 2460 757 2492 lo·
790 2458 906 2501 inuis]
926 2458 1135 2492 mirabiliter
1161 2459 1198 2491 Κ
1259 2459 1304 2492 20
1330 2461 1436 2502 temp.
1465 2462 1642 2502 oportuno
1670 2458 1712 2492 K

293 2512 339 2545 30
364 2511 452 2554 eius]
486 2523 538 2545 om
573 2513 606 2544 Κ
667 2512 705 2545 31
748 2512 891 2546 inuenio
928 2512 965 2545 Κ
1025 2511 1110 2554 non]
1145 2522 1260 2555 neque
1294 2512 1373 2546 ΕΚ
1440 2512 1484 2545 39.
1520 2511 1627 2546 idiota
1663 2511 1707 2546 ‚8²

292 2565 338 2598 34
364 2564 426 2608 sic]
454 2567 492 2606 -†-
522 2565 617 2598 enim
643 2566 717 2600 ΕΚ
766 2565 830 2608 est]
856 2576 907 2599 om
929 2566 967 2599 K
1013 2564 1141 2609 adque]
1166 2576 1218 2599 om
1238 2565 1312 2599 ΕΚ
1367 2565 1531 2608 idemque
1557 2569 1608 2599 est
1631 2566 1710 2599 ΕΚ

293 2618 339 2660 et]
366 2618 460 2660 quod
478 2619 554 2652 ΕΚ
