1834 2967
691 135 954 171 -57—

117 256 155 294 in
194 270 394 308 pauperes,
438 257 668 297 thesaurizat
706 258 744 296 in
784 256 863 295 celo
910 262 946 294 et
988 256 1247 306 centupliciter
1293 270 1337 295 ea
1373 257 1526 308 recipiet

117 329 205 354 cum
235 316 314 355 uita
342 322 474 356 eterna
502 320 663 368 recipiat
691 323 725 355 et
754 330 776 354 a
804 315 956 354 Christo
992 315 1030 353 in
1061 315 1354 365 regeneracione
1388 317 1524 355 futura.

117 375 201 422 Que
229 375 359 414 omnia
388 376 504 415 michi
533 376 712 415 uidentur
741 373 981 414 seductiones
1010 374 1144 412 fallacii
1173 380 1209 413 et
1238 374 1445 414 illusiones.

223 434 433 485 Episcopus
471 440 598 474 autem
637 433 833 473 Sinescius
871 433 1100 472 certificabat
1142 432 1195 471 sic
1232 435 1337 471 esse*
1372 447 1463 473 uera
1491 439 1526 473 et

118 493 301 532 stabiliter
330 494 554 532 confirmata
583 507 657 543 que
685 494 845 532 credunt
874 491 1070 530 christiani
1099 497 1134 530 et
1154 497 1360 542 operantur
1390 498 1426 531 et
1453 506 1527 543 que
1582 495 1605 531 5

117 551 156 589 in
185 552 259 590 hac
287 552 365 590 uita
393 552 535 591 faciunt
573 551 757 602 recipiant
785 551 824 588 in
854 551 992 589 futura.
1048 550 1094 588 Et
1123 563 1190 600 per
1218 551 1358 589 multas
1387 551 1527 600 figuras

118 611 329 660 temptabat
358 610 558 661 episcopus
579 611 772 660 quomodo
792 609 824 647 ei
846 609 900 647 sic
919 622 1004 647 esse
1033 609 1219 647 ueraciter
1247 609 1528 649 demonstraret

119 674 155 707 et
193 670 384 719 quomodo
427 669 622 708 christiani
668 669 840 707 credunt.
910 668 1001 706 Post
1039 668 1204 706 multum
1242 681 1334 706 uero
1376 674 1527 719 tempus

119 729 349 777 quandoque
377 727 462 766 fecit
481 741 570 766 eum
599 729 752 767 credere
772 732 808 766 et
837 727 1034 777 baptizans
1062 726 1149 765 fecit
1168 740 1256 766 eum
1276 727 1528 767 christianum

119 792 156 826 et
183 800 343 825 uxorem
371 792 407 825 et
435 786 533 825 filios
562 792 598 825 et
627 792 804 825 cunctam
833 785 1014 824 familiam
1043 787 1180 824 domus
1210 786 1329 827 illius.‘
1559 787 1608 824 10

223 845 315 884 Post
343 846 604 896 aliquantum
628 859 720 885 uero
765 851 916 896 tempus
946 858 1033 884 cum
1077 845 1198 884 factus
1232 851 1330 884 esset
1360 845 1527 884 christia·
1545 850 1650 884 K139

119 917 194 943 nus
234 904 335 943 idem
379 904 644 955 philosophus,
686 905 787 943 dedit
827 904 1004 955 episcopo
1040 904 1144 943 auri*
1183 904 1298 943 libras
1341 910 1530 944 trecentas

118 969 272 1014 propter
310 977 497 1014 pauperes
535 964 665 1003 dicens
703 967 753 1003 ei:
792 963 934 1014 Accipe
969 969 1005 1002 et
1042 965 1091 1002 da
1126 964 1356 1014 pauperibus
1395 970 1431 1003 et
1470 965 1528 1003 fac

118 1022 234 1061 michi
263 1023 427 1074 propriis
455 1023 635 1062 manibus
665 1023 902 1069 caucionem,
941 1023 1124 1072 quoniam
1154 1024 1284 1062 reddet
1318 1024 1435 1062 michi
1464 1036 1528 1062 eas

119 1081 294 1121 Christus
322 1082 363 1120 in
392 1083 519 1121 futuro
549 1082 688 1121 seculo.
747 1082 844 1121 Cum
873 1088 1001 1121 autem
1029 1082 1234 1132 recepisset
1261 1096 1398 1121 aurum
1434 1082 1528 1133 epis-
1560 1086 1607 1124 15

119 1154 251 1191 copus,
292 1147 470 1192 prompto
516 1141 646 1180 animo
689 1141 774 1180 fecit
816 1141 1085 1191 cirographum
1126 1142 1237 1191 quale
1283 1142 1403 1180 uoluit
1449 1141 1529 1192 ipse

116 1201 380 1251 philosophus.

224 1260 298 1298 Per
326 1259 539 1309 aliquantos
574 1273 666 1298 uero
695 1272 819 1299 annos
854 1264 937 1310 post
976 1259 1209 1309 baptismum
1247 1272 1335 1298 cum
1373 1259 1530 1299 uixisset

122 1317 385 1369 philosophus,
415 1321 602 1358 modicum
631 1325 776 1369 tempus
804 1317 991 1368 egrotauit
1019 1331 1141 1367 usque
1170 1319 1218 1357 ad
1252 1324 1428 1358 mortem.
1484 1320 1530 1357 Et

119 1390 208 1416 cum
250 1377 419 1417 uenisset
460 1379 508 1416 ad
546 1379 663 1416 finem
703 1383 745 1416 ut
779 1383 1004 1424 moreretur,
1048 1377 1141 1416 dixit
1171 1377 1255 1416 filiis
1293 1378 1390 1417 suis:
1430 1378 1528 1417 Cum
1558 1381 1610 1418 ΞΟ

119 1437 321 1475 defunctus
341 1437 447 1476 fuero
467 1442 503 1475 et
521 1437 758 1476 inuolueritis
778 1450 840 1475 me
860 1436 1035 1483 sindone,
1066 1436 1164 1475 sicut
1181 1450 1267 1475 mos
1287 1442 1356 1484 est,
1385 1443 1529 1476 cartam

118 1495 222 1534 illam
252 1508 368 1545 quam
397 1496 597 1546 episcopus
626 1496 743 1534 michi
772 1495 870 1542 fecit,
900 1495 939 1534 in
968 1496 1149 1534 manibus
1177 1496 1273 1534 meis
1294 1495 1308 1546 Η
1329 1497 1458 1546 ponite
1494 1502 1672 1537 etE156v

119 1554 172 1592 sic
200 1556 284 1593 me*
312 1554 478 1605 sepelite.
535 1555 744 1604 Postquam
784 1568 876 1594 uero
904 1555 1108 1594 defunctus
1147 1560 1215 1601 est,
1251 1556 1422 1594 fecerunt
1452 1556 1529 1601 filii,

119 1613 215 1652 sicut
244 1613 297 1652 eis
326 1619 546 1665 preceperat
574 1620 692 1665 patery
731 1619 766 1653 et
795 1614 1026 1664 sepelierunt
1055 1627 1143 1652 eum
1173 1614 1286 1652 simul
1307 1627 1395 1652 cum
1424 1614 1530 1666 ›ciro-

117 1673 275 1723 grapho.
333 1673 467 1712 Tereia
494 1678 623 1712 autem
643 1672 658 1723 ΙΙ
679 1673 738 1712 die
757 1679 961 1724 postquam
981 1674 1152 1723 sepultus
1182 1679 1238 1712 est
1266 1673 1529 1723 philosophus,
1545 1680 1643 1714 874ν

119 1731 294 1782 apparuit
321 1738 452 1771 sancto
481 1732 639 1771 Senesio
669 1732 846 1783 episcopo
875 1732 1078 1771 dormienti
1107 1738 1219 1771 nocte
1248 1733 1396 1771 dicens:
1434 1733 1530 1771 Veni

119 1792 166 1829 ad
194 1796 491 1829 monumentum
521 1791 586 1830 ubi
614 1791 718 1830 iaceo
738 1797 772 1830 et
802 1792 891 1830 tolle
919 1791 1191 1841 cirographum
1212 1796 1332 1829 tuum.
1391 1791 1530 1841 Recepi

119 1850 221 1888 enim
251 1850 421 1888 debitum
451 1856 486 1889 et
515 1851 727 1900 completus
756 1864 855 1890 sum.
913 1851 958 1889 Et
987 1863 1109 1888 unum
1138 1851 1301 1888 uerbum
1329 1850 1454 1889 habeo
1484 1851 1531 1889 ad

120 1913 173 1948 te:
216 1908 276 1946 Ad
312 1914 418 1948 tuam
461 1922 629 1959 namque
659 1909 970 1948 certificationem
1013 1909 1166 1959 propria
1207 1922 1325 1948 manu
1368 1910 1407 1948 in
1448 1909 1531 1960 ipso

120 1967 339 2017 subscripsi.
407 1969 609 2018 Ignorabat
651 1967 754 2006 enim
801 1967 1001 2018 episcopus
1043 1967 1226 2017 quoniam
1264 1969 1530 2018 consepultum
1559 1970 1609 2007 30

120 2026 252 2064 fuisset
280 2039 365 2064 curn
397 2028 637 2077 phylosopho
667 2027 935 2077 cirographum
964 2039 1090 2065 suum.

226 2085 339 2124 Mane
368 2091 496 2124 autem
525 2086 624 2124 facto
661 2086 814 2124 uocauit
842 2087 889 2124 ad
926 2099 966 2124 se
1004 2086 1100 2124 filios
1136 2085 1216 2124 eius
1252 2086 1420 2135 dixitque
1458 2087 1531 2125 eis:

121 2144 358 2194 Reposuistis
397 2144 536 2194 aliquid
571 2158 659 2183 curn
694 2150 800 2195 patre
828 2150 958 2183 uestro
986 2144 1025 2182 in
1066 2145 1294 2195 sepulchro?
1350 2145 1406 2184 Illi
1439 2159 1531 2184 uero

121 2202 360 2253 suspicantes
380 2203 562 2253 quoniam
577 2209 729 2254 propter
749 2203 951 2253 pecuniam
971 2217 1036 2242 eos
1062 2204 1323 2254 interrogaret,
1354 2205 1532 2244 dixerunt

121 2262 172 2300 ei:
207 2261 344 2308 Nichil,
383 2262 612 2309 dominator,
655 2262 727 2301 nisi
768 2268 917 2301 tantum
957 2263 1133 2301 mortalia
1169 2263 1263 2302 iura.
1320 2264 1531 2314 Respondit
1560 2265 1611 2302 35

234 2416 246 2448 1
277 2414 561 2458 centumpliciter
584 2416 624 2450 E
678 2415 698 2449 3
725 2415 796 2450 uid.
816 2415 924 2449 michi
949 2416 991 2450 K
1047 2416 1068 2448 5
1096 2415 1237 2449 firmata
1261 2415 1342 2450 ΕΚ
1391 2416 1412 2449 6
1437 2415 1532 2449 bona

121 2468 294 2512 recipient
310 2468 391 2502 ΕΚ
435 2468 480 2510 et]
511 2469 556 2511 -ξ-
581 2468 630 2502 sic
655 2469 736 2504 ΕΚ
782 2470 800 2503 7
827 2480 946 2512 quom.
966 2479 1082 2503 uerae.
1102 2469 1132 2502 ei
1158 2469 1251 2503 dem.
1269 2469 1319 2502 sic
1345 2479 1421 2502 esse
1443 2469 1533 2502 sicut

122 2521 314 2564 (quomodo
351 2520 402 2561 K)
438 2520 620 2555 christiani
655 2523 736 2557 ΕΚ
805 2523 826 2556 8
860 2522 1031 2566 temporis
1067 2522 1147 2556 EK
1219 2522 1257 2555 11
1295 2521 1421 2556 fuisset
1456 2521 1535 2556 ΕΚ

124 2575 166 2608 16
193 2584 328 2617 cyrogr.
346 2574 423 2608 ΕΚ
481 2573 524 2607 18
549 2577 670 2609 autem
695 2575 736 2610 K
796 2576 839 2609 19
865 2586 946 2609 cum
973 2585 1056 2618 ergo
1082 2575 1163 2609 ΕΚ
1219 2575 1263 2608 22
1288 2574 1397 2609 michi
1423 2585 1476 2618 ep.
1495 2575 1538 2609 K

122 2627 167 2661 26
193 2626 298 2670 episc.
317 2625 473 2660 Sinescio
498 2627 579 2661 ΕΚ
623 2627 668 2661 30
693 2628 873 2671 sepultum
897 2629 978 2663 ΕΚ

1362 2696 1396 2724 5*
