1834 2967
805 154 854 157 —
910 132 993 170 XVI
1048 154 1097 158 —

242 255 373 293 Gallus
409 255 489 293 und
526 254 743 302 Rubifiana,
782 255 842 293 die
874 255 1113 294 Lauritaner.
1170 255 1284 294 Einer
1321 256 1422 295 alten
1462 257 1561 295 Frau
1599 270 1654 295 er-

243 314 426 352 scheinen
454 313 548 353 zwei
577 315 756 353 Manner:
794 314 851 353 Ne
881 315 1015 353 timeas
1051 314 1234 364 quoniam
1274 328 1353 354 non
1392 315 1550 354 veniunt
1577 316 1655 355 huc

243 373 457 412 Sarraceni.
512 373 593 412 Auf
617 373 699 412 ihre
720 375 851 424 Frage,
882 387 961 412 wer
989 373 1043 412 sie
1071 374 1189 420 seien,
1219 375 1409 413 erwidern
1440 375 1652 414 dieselben:

241 432 321 470 Nos
350 445 485 471 sumus
514 433 763 471 Constantius
793 438 829 471 et
858 432 1065 471 Severinus
1102 433 1336 472 habitatores
1365 433 1477 472 istius
1514 433 1652 473 insule.

349 491 415 530 Mit
450 491 577 529 einem
614 492 801 542 gewissen
838 492 981 541 Anssug
1020 505 1094 530 von
1126 492 1278 531 Humor
1319 492 1415 531 wird
1453 493 1554 531 noch
1591 493 1653 532 be·

241 550 390 598 richtet,
419 551 494 589 dal}
523 551 622 589 auch
652 552 778 589 Massa
797 551 1008 589 Lubrensis
1038 551 1091 599 (in
1121 552 1292 602 opposito
1312 552 1549 599 continente)
1578 553 1653 590 den

241 609 333 648 Leib
362 609 484 648 dieses
513 609 686 659 Heiligen
716 610 977 660 beansprucht
1004 611 1083 648 und
1113 611 1187 649 dass
1216 612 1282 650 der
1311 611 1457 661 Heilige
1485 610 1585 649 auch
1612 609 1653 649 in

241 669 437 707 Benevent
465 668 575 707 einen
606 669 766 718 eigenen
794 669 884 707 Kult
911 668 1099 718 geniesst.1

349 728 447 766 Zum
475 728 611 766 Einfall
641 729 707 766 der
727 728 964 767 Sarrazenen
994 728 1090 767 wird
1120 729 1220 768 noch
1249 729 1308 767 die
1325 728 1434 768 Notiz
1463 729 1652 779 gegeben:

241 786 357 825 Anno
387 786 556 825 videlicet
587 818 595 825 .
619 817 626 825 .
649 818 657 825 .
688 787 986 837 nungentesimo
1025 787 1148 838 primo
1186 788 1246 826 die
1273 788 1366 826 XX³
1392 788 1538 827 mensis
1566 787 1653 826 Julii

240 845 447 884 indictione
458 846 525 883 IV²
544 850 732 885 venerunt
751 845 956 885 Amalfiam
968 846 1119 885 navidia
1130 847 1432 886 sarracenorum
1451 846 1653 898 predicta.⁵¹

346 905 498 943 Ebenso
540 904 772 944 interessant
809 905 857 944 ist
891 905 951 944 die
978 905 1087 944 Notiz
1125 919 1192 945 zur
1228 906 1389 946 zweiten
1425 906 1652 946 Geschichte

241 963 296 1001 De
324 964 485 1002 transitu
513 964 552 1003 S.
574 963 809 1003 Constantii:

349 1023 622 1061 Sanctissimus
659 1028 766 1074 pater
803 1028 933 1062 noster
971 1023 1231 1071 Constantius,
1270 1026 1362 1063 dum
1403 1024 1441 1062 in
1481 1024 1653 1063 orientali

239 1082 350 1132 plaga
378 1083 598 1132 fungeretur
626 1082 843 1133 presulatus
872 1083 994 1121 officio
1026 1115 1034 1122 .
1057 1114 1090 1124 ..
1120 1083 1160 1122 in
1189 1083 1367 1122 occiduas
1406 1089 1462 1122 est
1497 1089 1652 1134 propter

241 1139 487 1179 durissimam
516 1141 728 1180 destinatus
756 1142 923 1181 heresim
952 1148 1090 1193 partes.
1147 1143 1223 1181 Sed
1252 1156 1340 1181 cum
1370 1143 1472 1182 Deus
1492 1142 1651 1192 dignum

238 1199 344 1238 illum
374 1213 486 1250 posse
523 1200 735 1250 previderet
772 1214 857 1240 esse
894 1201 1005 1240 alicui
1039 1201 1142 1252 genti
1180 1202 1377 1249 solacium⁷
1415 1201 1583 1241 exercuit
1610 1207 1652 1240 ut

238 1259 385 1309 Caprea
413 1258 540 1298 insula
569 1260 675 1298 omni
708 1260 902 1299 iuvamine
930 1266 1058 1311 spreta
1089 1262 1166 1300 hoc
1202 1260 1378 1300 diadema
1415 1274 1486 1300 suo
1524 1260 1652 1299 vertici

238 1318 442 1368 stringeret
470 1323 604 1358 totum.
661 1319 895 1370 Peragrante
935 1320 1100 1370 denique
1134 1320 1196 1359 illo
1233 1320 1469 1359 maritimum
1504 1320 1650 1367 callem,

239 1377 424 1428 prefatam
454 1378 688 1417 occidentem
708 1379 867 1418 devertit
895 1392 986 1418 casu
1007 1379 1047 1418 in
1075 1380 1253 1419 insulam.
1309 1380 1440 1429 Ibique
1468 1380 1651 1430 languore

238 1442 434 1487 correptus
455 1438 503 1475 ad
522 1443 737 1476 extremum
767 1451 887 1488 usque
908 1440 1124 1489 perductus,
1154 1439 1324 1478 animam
1353 1452 1464 1478 suam
1493 1452 1609 1488 quam
1629 1452 1651 1477 a

236 1508 308 1534 suo
337 1496 533 1535 conditore
554 1502 761 1547 acceperat,
790 1497 978 1548 integram
1005 1503 1117 1548 atque
1137 1497 1299 1537 inlesam
1328 1498 1501 1537 restituit.
1540 1498 1650 1536 Tunc

236 1555 410 1594 eiusdem
438 1555 510 1594 loci
538 1556 665 1595 accole
696 1588 703 1595 .
726 1588 734 1595 .
758 1588 765 1595 .
797 1557 878 1596 eius
906 1557 944 1595 in
975 1558 1122 1596 honore
1142 1563 1408 1597 construentes
1438 1557 1648 1604 basilicam,

237 1627 392 1653 sacrum
422 1616 690 1665 corpusculum
718 1616 817 1654 illius
847 1617 1110 1656 condiderunt.

346 1673 460 1712 Dann
489 1676 645 1713 werden
675 1675 734 1713 die
753 1675 930 1714 Wunder
957 1690 1021 1714 am
1040 1676 1165 1714 Grabe
1194 1677 1260 1715 des
1289 1676 1463 1726 Heiligen
1493 1676 1648 1714 erzahlt.

241 1732 359 1771 Dabei
392 1732 536 1771 schickt
565 1747 606 1772 er
635 1734 694 1772 die
731 1735 953 1785 sagenhafte
985 1735 1277 1785 Vorgeschichte
1314 1736 1381 1774 der
1408 1735 1506 1773 Insel
1537 1734 1649 1785 Capri

239 1804 396 1831 voraus:
441 1791 586 1843 Capree
627 1793 762 1841 insule,
807 1807 903 1844 quae
945 1800 1035 1834 sunt
1078 1800 1209 1834 contra
1246 1795 1446 1846 Neapolim
1485 1793 1590 1840 sitae,
1628 1808 1650 1833 a

238 1863 376 1900 capreo
405 1851 469 1900 qui
498 1851 537 1889 in
566 1852 786 1902 regionibus
823 1853 883 1891 his
919 1860 1056 1904 potens
1094 1854 1174 1901 fuit,
1215 1855 1398 1893 vocabula
1436 1866 1647 1903 sumpsere.

237 1909 280 1946 In
310 1910 370 1948 his
400 1911 575 1959 sequenti
604 1917 775 1962 tempore
804 1913 1005 1960 Telonam⁷
1035 1913 1165 1952 Martis
1196 1914 1327 1960 filium,
1366 1913 1474 1952 cuius
1513 1925 1648 1951 mouu-

240 1974 415 2007 mentum
430 1972 650 2018 ostendunt,
672 1984 853 2021 regnasse
873 1972 1016 2011 dicunt.
1047 1974 1164 2011 Cuius
1184 1973 1296 2021 filius,
1320 1973 1460 2011 Ebalus
1478 1972 1647 2020 nomine,

241 2041 319 2066 non
349 2034 551 2068 contentus
581 2030 698 2080 patris
728 2030 899 2081 imperio,
933 2045 1108 2082 egressus
1137 2032 1176 2071 in
1206 2032 1416 2071 continenti
1445 2032 1552 2071 Latio
1580 2032 1649 2070 im-

240 2087 393 2137 peravit.
459 2088 573 2127 Hunc
611 2089 788 2140 Virgilius
830 2091 1015 2130 nutritum
1058 2105 1080 2130 a
1120 2091 1289 2130 fluminis
1332 2092 1450 2142 ipsius
1489 2091 1648 2142 nimpha

237 2145 342 2193 dicit,
372 2148 472 2196 quod
493 2148 530 2186 i11
548 2148 608 2187 his
627 2149 731 2197 locis⁷
760 2150 835 2189 hoc
854 2155 911 2189 est
930 2150 1034 2189 iuxta
1053 2151 1252 2201 Neapolim
1273 2151 1388 2190 currit
1406 2157 1442 2190 et
1457 2151 1647 2190 Sebethus

240 2205 391 2252 dicitur;
422 2205 557 2245 dicitur
586 2213 622 2246 et
651 2208 722 2247 alio
753 2209 909 2249 nomine
937 2210 1145 2249 Rubeolus.

346 2265 413 2304 Die
442 2266 617 2305 Wunder
652 2268 770 2307 selbst
807 2269 893 2308 sind
922 2270 1112 2320 folgende:
1156 2271 1188 2309 1.
1218 2271 1272 2309 De
1303 2272 1444 2321 juvene
1481 2270 1645 2321 puellam

237 2337 261 2361 a
291 2337 331 2361 se
360 2323 527 2363 vitiatam
567 2332 729 2376 negante
768 2334 947 2367 cremato.
1004 2330 1040 2367 ⁹2.
1072 2330 1124 2368 De
1153 2331 1267 2368 ianua
1306 2330 1434 2380 templi
1472 2329 1644 2368 restituta

357 2471 367 2491 ¹
396 2468 446 2502 Cf.
466 2468 649 2513 Philipp.
669 2470 917 2509 Ferrarius,
938 2472 1046 2506 Catal.
1066 2473 1116 2507 ss.
1138 2473 1258 2507 Italiae
1276 2474 1320 2508 ad
1342 2474 1384 2507 14
1402 2474 1493 2517 Maji,
1513 2485 1544 2517 p.
1564 2475 1643 2514 3281,

240 2521 362 2555 AASS.
390 2521 457 2555 Mai
487 2522 543 2562 ΙΙΙ,
571 2523 649 2557 374.
680 2543 719 2547 —
748 2523 944 2567 Ughelli,
974 2526 1074 2560 Italia
1099 2537 1210 2570 sacra,
1246 2527 1289 2560 :ul
1317 2527 1558 2571 episcopatum
1586 2529 1647 2563 Ca-

237 2574 366 2617 pritan.
393 2575 464 2618 Vll,
491 2576 570 2609 256.

358 2631 371 2650 ²
398 2628 446 2663 (if.
476 2628 665 2670 Ferrari,
694 2630 849 2665 Monuni.
878 2631 969 2666 Eccl.
997 2632 1128 2668 Benex‘.
1155 2645 1250 2668 anno
1276 2635 1356 2669 891.
