1834 2967
821 110 1181 153 —100—'

364 240 450 277 Hoc
489 238 651 277 audiens
691 239 825 277 beatus
863 237 1127 288 Apollinarius
1163 243 1200 276 et
1236 237 1375 276 uidens
1412 238 1596 276 iuuenem
1631 238 1673 276 in

258 303 406 337 tantam
433 297 637 348 penuriam
666 303 702 336 et
730 302 998 348 paupertatem
1026 296 1230 335 deuenisse
1262 318 1308 323 -
1341 296 1484 335 sciebat
1513 296 1618 335 enim
1637 302 1673 336 et

137 365 160 398 S
176 364 244 398 85v
264 363 442 408 parentes
472 356 554 395 eius
574 356 616 395 in
647 362 790 407 quanta
819 355 1002 406 dignitate
1022 361 1058 394 et
1078 354 1093 405 ΙΙ
1114 355 1258 394 diuitiis
1278 356 1430 394 fuerant
1449 378 1499 382 —
1518 357 1673 394 uolebat

258 416 315 455 ei*
335 415 503 466 compati
531 421 567 454 et
587 415 892 454 misericordiam
912 415 1052 461 facere;
1083 415 1150 453 sed
1170 414 1420 453 erubescebat
1438 414 1477 453 in
1508 414 1672 465 publico.

209 478 232 514 5
263 476 596 524 Quandocumque
624 480 754 513 autem
781 474 937 512 uidebat
965 487 1055 512 eum
1073 473 1114 511 in
1141 473 1344 512 secretario
1365 487 1448 521 suo,
1476 487 1543 524 pre
1572 487 1674 512 com-

258 534 436 585 passione
479 534 771 572 remordebatur
816 532 947 572 anima
989 533 1086 581 eius,
1127 532 1267 571 uidens
1313 532 1546 571 uestimenta
1591 532 1673 572 eius

258 593 412 632 sordida
453 599 489 632 et
532 592 664 640 scissa,
711 594 866 631 uultum
905 592 1122 631 marcidum
1162 597 1198 631 et
1238 591 1390 631 tristem
1430 605 1497 643 pre
1538 592 1673 631 ultima

257 658 492 704 paupertate.

365 712 464 751 Cum
492 724 586 750 uero
623 716 723 750 esset
757 710 798 749 in
826 712 901 750 hac
938 710 1194 750 sollicitudine
1234 724 1345 761 papa,
1387 710 1575 749 diuinitus
1616 710 1672 749 in-

117 777 246 811 K156v
264 771 455 822 spillratus
477 769 657 821 cogitauit
676 769 945 809 huiuscemodi
965 770 1238 820 cogitationem
1255 771 1531 809 condecentem
1550 770 1672 820 ipsius

260 829 502 870 beatitudini.
559 828 661 867 Misit
703 835 833 868 autem
870 835 907 868 et
943 829 1031 868 fecit
1072 843 1212 868 uocare
1245 829 1502 880 legislatorem
1542 835 1674 868 sancte

260 889 418 929 ecclesie
446 894 482 928 et
511 888 649 926 tollens
679 901 770 926 eum
797 893 941 927 secrete
960 888 1054 926 dixit
1083 888 1135 927 ei:
1165 888 1233 927 Vis
1262 891 1440 928 seruare*
1469 893 1672 935 secretum,

258 948 415 988 domine
443 947 662 997 legislator?
719 946 794 994 Qui
823 947 1021 997 respondit
1049 947 1101 986 ei:
1133 947 1266 997 Spero,
1303 948 1520 987 dominator
1548 961 1671 994 meus,

258 1008 298 1046 in
328 1008 407 1046 Deo
437 1006 623 1056 quoniam
652 1019 882 1056 quecunque
911 1005 1052 1045 dixeris
1080 1006 1200 1044 michi
1229 1012 1294 1045 aut
1322 1007 1553 1057 preceperis‚
1593 1020 1672 1045 non

138 1072 244 1106 1⁴:174
264 1067 390 1105 dicam
417 1065 531 1104 alicui
551 1065 702 1104 homini
731 1078 856 1115 neque
876 1065 969 1104 sciet
997 1065 1135 1115 aliquis
1165 1065 1370 1115 aliquando
1390 1064 1405 1116 ΙΙ
1426 1080 1448 1105 a
1475 1080 1538 1104 me
1571 1067 1673 1115 quod

264 1125 469 1164 credideris
499 1138 613 1163 seruo
650 1130 728 1163 tuo.
786 1125 897 1163 Tunc
925 1124 977 1163 ait
1015 1124 1068 1162 illi
1097 1138 1213 1175 papa:
1252 1125 1358 1164 Vade
1395 1131 1432 1164 et
1466 1126 1523 1164 fac
1559 1127 1674 1163 michi

261 1184 510 1223 manifestum
539 1183 819 1233 quinquaginta
856 1183 1045 1222 librarum
1082 1183 1166 1222 auri
1195 1184 1306 1233 quasi
1343 1185 1391 1223 ab
1430 1184 1588 1223 ecclesia
1626 1185 1673 1222 ad

261 1245 418 1282 beatum
455 1243 567 1282 illum
595 1244 821 1282 defunctum
849 1249 998 1294 patrem
1025 1242 1128 1281 illius
1157 1243 1323 1291 iuuenis,
1360 1249 1396 1282 et
1424 1243 1534 1283 mitte
1571 1243 1674 1282 testi-

259 1303 392 1342 monia
434 1308 470 1341 et
511 1303 661 1353 comple
703 1308 739 1341 et
778 1303 901 1341 adduc
939 1303 987 1341 ad
1024 1316 1084 1341 me
1124 1308 1283 1342 cartam.
1340 1302 1504 1342 Curialis
1545 1308 1675 1342 autem

181 1362 233 1399 ΞΟ
261 1361 393 1401 omnia
422 1375 496 1411 que
524 1361 692 1413 precepit
721 1361 756 1400 ei
785 1376 882 1412 papa
912 1361 1112 1412 diligenter
1141 1367 1177 1401 et
1205 1376 1295 1401 cum
1330 1362 1436 1401 omni
1474 1362 1674 1401 uelocitate

259 1421 413 1472 perfecit
434 1425 471 1459 et
491 1421 649 1460 adduxit
669 1427 815 1460 cartam
835 1422 1064 1472 completam
1080 1427 1116 1460 et
1135 1421 1237 1460 dedit
1265 1421 1310 1461 ei.
1355 1421 1426 1460 Cui
1455 1421 1548 1460 dixit
1578 1435 1675 1472 papa

261 1481 414 1519 beatus:
446 1480 639 1527 Quoniam
667 1485 710 1519 ut
729 1480 895 1530 uidetur,
925 1494 971 1519 ex
991 1494 1068 1530 quo
1095 1486 1272 1519 mortuus
1293 1486 1350 1520 est
1370 1486 1476 1531 pater
1505 1481 1674 1528 iuuenis,

262 1545 353 1578 sunt
381 1539 475 1578 anni
503 1540 648 1585 decem,
678 1546 713 1578 et
741 1545 845 1578 carta
874 1545 931 1578 est
962 1553 1078 1578 noua.
1135 1540 1240 1578 Vade
1269 1553 1359 1590 ergo
1388 1545 1425 1578 et
1452 1539 1560 1579 mitte
1589 1553 1676 1579 eam

261 1598 360 1637 inter
389 1599 630 1637 frumentum
657 1598 740 1637 siue
770 1599 931 1638 ordeum
961 1604 998 1638 et
1026 1604 1111 1649 post
1146 1598 1290 1649 aliquot
1319 1599 1399 1638 dies
1437 1600 1561 1638 adduc
1589 1613 1675 1638 eam

181 1657 231 1695 25
260 1659 308 1696 ad
336 1671 412 1697 me.

367 1718 432 1755 Ille
460 1722 591 1756 autem
619 1716 753 1756 abiens
782 1716 869 1756 fecit
898 1717 1000 1766 quod
1031 1715 1104 1755 sibi
1132 1716 1284 1755 iussum
1312 1717 1435 1755 fuerat
1472 1722 1508 1755 et
1536 1719 1674 1755 iterum

256 1782 345 1826 post
374 1777 518 1826 aliquot
547 1778 630 1814 dies
663 1775 873 1826 reportauit
894 1781 1038 1814 cartam
1057 1776 1235 1825 deditque
1264 1789 1371 1826 pape.
1416 1776 1518 1814 Dixit
1546 1782 1676 1815 autem

262 1848 359 1885 papa
387 1834 613 1885 legislatori:
653 1835 757 1873 Vade
786 1840 822 1874 et
851 1834 910 1873 dic
938 1834 1072 1873 iuueni
1100 1834 1171 1874 illi:
1210 1834 1312 1882 Quid
1340 1834 1460 1873 michi
1489 1834 1610 1882 dabis,
1639 1841 1676 1874 et

262 1894 361 1932 dabo
391 1893 460 1932 tibi
489 1899 636 1933 cartam
656 1907 729 1944 que
758 1899 794 1932 te
824 1893 1049 1933 adiuuabit?
1088 1894 1134 1932 Et
1153 1893 1254 1940 uide,
1285 1893 1440 1932 domine
1468 1893 1675 1944 legislatur,

180 1954 232 1992 30
261 1954 362 2002 quod
401 1953 487 2003 plus
522 1966 641 2003 quam
677 1959 753 1992 tres
791 1953 932 1992 solidos
967 1953 1015 1991 ab
1055 1966 1098 1991 eo
1137 1966 1213 1992 non
1251 1952 1428 2004 accipiasy
1466 1959 1502 1992 et
1541 1953 1589 1992 da
1622 1953 1676 1992 illi

263 2017 421 2051 cartam.
478 2012 693 2063 Respondit
720 2012 933 2062 legislator:
963 2013 1085 2057 Certe,
1117 2012 1347 2059 dominator,
1383 2012 1415 2051 si
1444 2011 1513 2050 tibi
1542 2012 1676 2063 placet,

262 2084 333 2109 nec
362 2071 465 2121 ipsos
495 2071 692 2122 accipiam.
750 2071 814 2110 Ait
843 2071 877 2111 ei
909 2085 1024 2122 papa:
1064 2071 1188 2110 Etiam
1217 2072 1306 2110 uolo
1335 2076 1371 2110 et
1407 2071 1570 2122 accipias
1599 2077 1676 2110 tres

266 2129 418 2168 solidos.

367 2189 478 2227 Tunc
498 2189 591 2228 abiit
624 2189 817 2240 legislator
845 2191 892 2229 ad
918 2189 1101 2229 iuuenem
1129 2189 1302 2240 dixitque
1331 2189 1383 2228 ei:
1426 2189 1529 2237 Quid
1558 2189 1676 2228 michi

184 2249 235 2286 35
264 2247 384 2295 dabis,
428 2248 459 2286 si
497 2249 636 2287 dedero
667 2249 734 2287 tibi
769 2249 911 2299 aliquid
947 2250 1050 2299 quod
1087 2254 1123 2288 te
1159 2250 1327 2288 multum
1365 2249 1546 2288 adiuuet?
1601 2248 1677 2296 Qui

260 2306 436 2358 promisit
465 2307 499 2346 ei
541 2309 630 2347 dare
666 2309 937 2358 quodcumque
972 2307 1168 2347 uoluisset.
1227 2308 1272 2347 Et
1301 2309 1510 2347 adsumens
1547 2307 1677 2346 simili·

367 2455 389 2488 4
430 2454 616 2489 erubescat
651 2458 718 2495 (sic
751 2457 923 2498 sempev-l)
1010 2454 1028 2487 7
1071 2454 1208 2497 ultima]
1244 2453 1354 2488 nimia
1396 2455 1447 2491 K:
1492 2453 1601 2488 multa
1645 2454 1679 2487 Ε

264 2509 302 2542 11
331 2508 450 2551 itaque
477 2509 551 2542 ΕΚ
598 2508 716 2542 uocari
746 2509 817 2541 ΕΚ
880 2508 918 2541 17
946 2507 1082 2550 manif]
1107 2510 1361 2542 testamentum
1389 2506 1443 2542 Κ2
1502 2507 1610 2541 libras
1635 2505 1678 2541 8²

261 2562 305 2595 23
332 2561 467 2605 det-eni]
501 2561 627 2604 uiginti
663 2562 736 2595 ΕΚ
805 2561 850 2594 2³4
876 2561 966 2605 post]
1000 2571 1062 2605 per
1093 2562 1119 2594 S
1187 2561 1330 2604 aliquod
1357 2561 1398 2595 K
1463 2560 1508 2594 26
1540 2560 1676 2594 iussum

261 2614 327 2648 sibi
354 2616 388 2648 Ε
436 2616 481 2648 30
506 2615 614 2658 quod]
641 2625 685 2649 ne
713 2616 747 2647 A·
