1834 2967
709 108 966 144 —41-

133 243 219 269 meo
255 231 472 281 paradisum
503 231 683 269 ineffabili
721 230 1005 280 pulchritudine
1044 231 1287 276 decoratum3
1330 243 1351 267 a
1389 229 1543 267 sinistra

133 295 261 329 autem
290 290 367 328 uidi
396 290 590 328 caminum
620 289 718 339 ignis
746 290 958 336 ardentem,
988 289 1095 327 cuius
1117 287 1130 337 11
1152 289 1390 338 pertingebat
1424 294 1687 337 usqueK123v

134 350 181 387 ad
210 349 333 387 nubes
361 349 530 388 flamma.
573 349 620 387 Et
648 349 850 387 defunctus
878 347 940 386 ille
960 348 1084 386 stabat
1113 347 1150 385 in
1172 347 1298 386 medio
1327 348 1543 393 amborum,

134 408 405 446 adtendentem
426 414 540 457 atque
568 407 816 457 aspicientem
835 406 873 445 in
894 406 1116 457 paradisum
1128 411 1164 444 et
1180 405 1294 444 nimis
1314 411 1544 456 gementem.

134 467 232 506 Cum
261 472 391 506 autem
419 472 587 517 gemeret
614 466 675 504 ille
699 466 753 504 sic
781 465 940 512 fortiter,
970 465 1081 503 uideo
1102 465 1294 513 quendam
1315 477 1403 503 cum
1424 465 1546 515 splen·
1603 468 1625 504 ἶ)

133 526 230 564 didis
258 526 429 565 uestibus
449 530 639 564 astantem
660 530 696 563 et
715 524 905 563 dicentem
926 524 1015 562 sibi:
1046 524 1146 570 Quid
1172 523 1292 573 gemis
1318 523 1359 561 in
1379 527 1546 562 vanum?

133 585 230 624 Ecce
271 585 355 623 dico
397 584 463 623 tibi
505 583 686 633 quoniam
730 597 798 634 pro
851 583 1071 622 elemosinis
1114 582 1189 621 tuis
1230 582 1414 621 liberatus
1449 595 1488 620 es
1527 596 1548 620 a

133 645 322 694 gehenna.
377 644 453 682 Pro
482 656 526 682 eo
554 648 683 681 autem
712 643 814 692 quod
843 656 865 681 a
892 641 1141 681 fornicatione
1160 655 1240 680 non
1269 641 1438 687 cessasti,
1467 654 1549 691 per-

135 703 261 742 didisti
290 702 564 742 beatitudinem
593 702 782 752 paradysi,
820 702 991 740 maxime
1028 714 1117 740 cum
1146 714 1224 739 non
1263 701 1427 739 haberes
1465 713 1548 750 pro-

133 763 254 813 priam
284 775 456 801 uxorem.
1324 791 1328 796 r
1581 761 1629 798 10

239 821 432 859 Αυὶιάἰειῃῖ
473 821 546 859 hoc
589 819 651 870 qui
687 820 835 858 dicunt:
883 819 962 858 Etsi
1006 818 1214 858 fornicatus
1252 819 1378 866 fuero,
1418 825 1546 857 tamen
1571 824 1659 858 1384

133 881 233 919 dabo
253 879 504 919 elemosinam
524 885 561 918 et
580 880 712 918 saluus
733 892 810 917 ero.
851 879 927 917 Sed
947 878 1036 917 audi
1056 878 1263 917 rationem:
1294 878 1393 916 Vera
1413 877 1549 916 elemo-

133 939 217 978 sina
245 944 313 986 est,
344 938 375 977 si
403 938 471 977 tibi
499 938 570 989 ipsi
600 938 723 989 primo
751 938 932 976 misertus
962 937 1092 976 fueris.
1148 937 1245 976 Dicit
1282 936 1387 976 enim
1415 937 1550 975 beatus

132 998 327 1048 apostolus
355 998 520 1037 Paulus:
556 998 681 1036 Omne
710 1002 910 1047 peccatum
948 997 1218 1046 quodcumque
1256 996 1384 1034 fecerit
1417 996 1548 1041 homo,

133 1063 240 1096 extra
277 1070 416 1108 corpus
457 1063 531 1103 est3
571 1056 635 1106 qui
672 1062 800 1095 autem
836 1055 1055 1102 fornicatur,
1096 1055 1135 1094 in
1174 1055 1373 1105 proprium
1411 1067 1550 1105 corpus
1583 1056 1628 1092 15

133 1121 274 1167 peccat,
305 1116 488 1166 quoniam
518 1115 626 1166 quasi
654 1115 875 1154 libationem
916 1114 1074 1165 suscipit
1109 1115 1282 1153 diabolus
1319 1127 1452 1152 semen
1481 1115 1552 1152 ho-

132 1175 248 1214 minis
278 1177 380 1225 quod
408 1175 447 1214 in
477 1174 726 1214 fornicatione
755 1175 919 1213 effusum
948 1173 1070 1213 fuerit.
1094 1172 1108 1224 ΙΙ
1575 1177 1661 1212 T54

240 1235 286 1273 Et
315 1248 394 1273 non
425 1235 527 1273 dicas
564 1234 698 1273 michi:
737 1235 769 1274 O
804 1233 955 1272 utinam
992 1238 1028 1272 et
1057 1246 1127 1283 ego
1165 1233 1302 1271 liberer
1341 1246 1363 1271 a
1400 1232 1551 1270 camino

133 1294 244 1344 ignis,
281 1294 378 1332 sicut
406 1294 467 1332 ille
494 1293 676 1332 liberatus
712 1298 782 1340 est,
820 1298 856 1331 et
885 1291 1025 1331 sufficit
1062 1291 1191 1331 michi.
1248 1291 1349 1339 Quid
1386 1290 1491 1337 dicis,
1531 1304 1552 1329 o

134 1354 278 1391 homo?
332 1354 516 1403 Maymcm
545 1354 614 1391 tibi
651 1354 807 1391 uidetur
835 1353 996 1390 liberari
1035 1365 1059 1390 a
1092 1353 1264 1401 yekenna
1302 1353 1416 1400 iynis.
1473 1350 1552 1400 Ego
1583 1351 1634 1388 ΩΟ

135 1413 217 1451 dico
252 1412 436 1462 quoniam
472 1412 594 1450 multo
632 1411 740 1462 peius
778 1416 834 1450 est
872 1412 1031 1462 perdere
1068 1423 1231 1460 regnum
1260 1409 1328 1448 Dei
1364 1423 1481 1459 quarn
1519 1410 1550 1449 si

134 1472 294 1510 arsisses
323 1473 362 1510 in
391 1471 494 1510 mille
522 1471 742 1510 fornacibus
771 1476 808 1509 et
837 1470 1050 1509 tormentis.
1109 1471 1192 1517 Que
1221 1469 1323 1508 enim
1345 1475 1402 1507 est
1423 1469 1552 1507 durior

135 1544 235 1581 pena
263 1544 379 1580 quam
417 1530 456 1568 in
495 1531 667 1569 seculum
706 1529 821 1569 seculi
860 1529 1051 1580 segregari
1089 1543 1111 1567 a
1148 1529 1252 1568 Deo?
1308 1529 1410 1566 Deus
1449 1528 1551 1566 enim

135 1591 202 1628 lux
242 1595 317 1638 est3
358 1590 423 1640 qui
464 1603 556 1629 uero
595 1595 794 1640 separatur
832 1603 854 1628 a
895 1590 991 1635 luce,
1034 1587 1072 1626 in
1113 1588 1280 1627 tenebris
1316 1587 1399 1625 sine
1437 1586 1552 1625 dubio

135 1649 343 1688 inuenitur.
405 1650 546 1688 Tamen
576 1649 663 1687 audi
692 1649 857 1687 Paulum
886 1648 1089 1694 dicentem,
1128 1648 1169 1685 in
1201 1660 1275 1697 quo
1310 1647 1457 1684 locutus
1496 1650 1553 1683 est
1582 1646 1632 1683 25

136 1708 334 1747 Christus:
372 1709 498 1747 Nolite
526 1722 664 1754 errare,
696 1708 784 1758 quia
805 1720 929 1757 neque
958 1707 1207 1746 fornicatores
1239 1719 1364 1755 neque
1393 1704 1553 1743 adulteri

137 1781 262 1817 neque
282 1766 296 1818 ΙΙ
316 1768 576 1806 masculorum
620 1767 887 1806 concubitores
927 1779 1052 1816 neque
1089 1778 1246 1816 rapaces
1284 1778 1447 1814 regnum
1486 1764 1695 1803 DeiE142v

137 1832 432 1876 consequentur.
490 1827 536 1865 Et
574 1828 648 1865 hoc
669 1825 683 1877 ΙΙ
704 1827 906 1864 confirmat
935 1825 1111 1864 Christus
1152 1825 1299 1863 dicens:
1342 1824 1476 1862 Celum
1516 1828 1551 1862 et
1569 1828 1666 1861 865Ῡ

138 1890 239 1924 terra
266 1885 498 1932 transibunt,
527 1887 648 1924 uerba
676 1891 805 1924 autem
832 1898 920 1923 mea
949 1898 1028 1923 non
1058 1883 1289 1922 transibunt.

245 1944 452 1995 Propterea
481 1950 603 1983 cesset
641 1944 908 1994 unusquisque
947 1957 969 1982 a
997 1944 1099 1981 malo
1139 1948 1174 1981 et
1204 1947 1386 1991 sequatur
1420 1955 1553 1992 pacem
1583 1943 1636 1980 30

140 2009 176 2042 et
205 2003 512 2052 sanctimoniam,
553 2003 589 2041 id
626 2008 683 2042 est
723 2002 958 2041 mundiciam
994 2001 1176 2052 corporis,
1216 2001 1299 2040 sine
1329 2014 1404 2051 qua
1440 2014 1555 2039 nemo

142 2062 282 2101 uidebit
314 2063 450 2101 Deum.

249 2194 268 2223 ἰ).
296 2191 443 2224 flamma
468 2201 580 2233 usque
599 2191 673 2223 ΕΚ
719 2190 740 2223 8
767 2199 886 2233 genna
909 2187 958 2222 T¹
1012 2189 1053 2222 16
1080 2187 1193 2231 quasi]
1222 2198 1276 2221 om
1299 2189 1331 2221 T
1379 2188 1419 2221 17
1445 2187 1556 2221 effun-

143 2245 236 2278 ditur
262 2246 300 2278 K
358 2245 402 2277 20
428 2243 550 2277 librari
581 2242 632 2277 Τι
691 2244 731 2276 21
761 2242 853 2285 dico]
881 2245 920 2282 -l-
950 2241 1012 2275 tibi
1040 2242 1111 2275 ΕΚ
1169 2242 1214 2275 23
1242 2252 1318 2275 esse
1351 2244 1556 2284 segregatus

142 2300 217 2332 EK
271 2298 438 2332 dominus
471 2296 520 2330 T¹
579 2297 623 2330 215
649 2296 806 2340 loquitur
832 2296 907 2330 ΕΚ
963 2297 1007 2329 26
1034 2294 1131 2338 quia]
1156 2306 1210 2328 om
1236 2295 1276 2328 K
