1834 2967
708 139 968 176 —13—

135 265 170 298 et
208 260 369 310 probaui
412 273 490 307 eos,
533 266 568 299 et
607 260 739 299 inueni
782 260 871 310 quia
906 262 952 299 ad
988 261 1253 299 deuorandum
1291 267 1381 300 sunt
1419 262 1542 308 amici,

134 321 394 357 tantummodo
434 319 475 358 in
516 319 745 358 necessitate
785 321 962 370 elonyant
1004 332 1045 357 se
1078 321 1228 368 procul.
1295 320 1369 358 Sed
1412 325 1541 359 tamen

134 378 274 416 uadam
313 379 361 416 ad
399 391 463 417 eos
502 383 537 417 et
575 378 828 428 deprecabor3
868 378 1026 416 forsitan
1064 378 1262 417 inuenitur
1299 378 1433 428 aliquis
1479 380 1540 428 qui

133 441 170 475 te
197 437 378 476 certificet
405 437 444 475 in
473 437 547 475 hoc
577 437 678 486 quod
713 437 853 486 queris.
910 436 956 475 Et
985 436 1016 475 si
1046 437 1152 486 quis*
1180 435 1340 476 audierit
1369 438 1542 487 depreca-

132 495 277 534 tionem
306 509 445 543 meam,
486 496 689 534 ueniemus
720 495 835 534 simul
863 496 911 534 ad
946 501 994 535 te.
1052 495 1093 534 Si
1122 495 1226 534 enim
1265 510 1344 534 non
1382 496 1543 535 audierit
1599 499 1622 535 5

132 555 424 593 obsecrationem
451 568 584 604 meam,
614 555 740 593 uendo
769 567 912 592 nauem
940 567 1081 601 meam,
1111 559 1146 593 et
1175 554 1330 593 Domini
1365 555 1543 594 uoluntas

133 613 208 652 fiat.
264 613 328 652 Ait
355 615 404 652 ad
432 627 521 652 eum
549 613 780 653 Abramius:
811 613 915 652 Vade
944 619 986 652 et
1015 614 1171 661 confide,
1200 613 1290 663 quia
1318 614 1480 652 audiunt
1509 620 1544 652 te

132 673 401 722 deprecantem
430 686 518 711 eos.

237 731 378 770 Exiens
420 737 549 770 autem
577 731 806 770 Theodorus
848 731 940 770 abiit
976 732 1025 770 ad
1062 731 1229 771 amicum
1266 732 1371 770 illum
1411 731 1473 781 qui
1512 732 1544 770 ei

131 790 354 829 obuiauerat
383 790 500 841 prius,
530 795 566 829 et
586 790 758 830 narrauit
785 792 845 829 illi
874 790 1005 829 omnia
1034 803 1107 840 que
1135 804 1251 841 supra
1280 790 1479 844 retulimus
1508 796 1544 828 et
1578 793 1624 829 10

131 850 324 899 quomodo
353 863 443 889 eum
471 850 670 888 abe'cerant
698 862 835 888 omnes
864 849 976 888 amici
1004 852 1086 888 eius
1113 855 1149 888 et
1169 863 1318 900 queque
1347 849 1492 888 dixerat
1511 850 1544 888 ei

130 908 338 947 Abramius
366 914 402 948 et
440 909 529 958 quia
558 909 681 958 querit
709 908 983 959 antiphonitin,
1020 911 1071 947 id
1111 915 1177 947 est
1218 911 1542 947 mediatorem.

130 968 343 1018 Respondit
371 968 405 1007 ei
425 968 568 1007 amicus
585 981 679 1007 suus
701 968 849 1007 dicens:
885 968 945 1006 Tu
966 968 1052 1015 scis,
1082 967 1236 1007 domine
1256 968 1309 1006 mi
1329 968 1543 1014 Theodore,

129 1027 218 1076 quia
246 1040 384 1066 aurum
414 1040 492 1066 non
511 1027 654 1074 habeo;
685 1032 721 1066 et
750 1032 842 1077 puto
870 1026 960 1076 quia
988 1029 1090 1066 non*
1117 1040 1180 1066 me
1208 1026 1359 1077 recipiet
1378 1027 1545 1065 hebreus

132 1085 358 1133 Abramius;
388 1087 649 1136 ante‘phonitin
679 1086 748 1125 scit
777 1086 879 1125 enim
899 1089 988 1137 quia
1001 1100 1155 1136 pauper
1183 1100 1277 1125 sum.
1318 1087 1392 1125 Sed
1415 1091 1544 1124 tamen
1577 1087 1623 1124 15

132 1145 386 1185 coambulabo
429 1151 556 1184 tecum
599 1151 635 1184 et
675 1150 900 1196 cooperator
942 1146 995 1184 tui
1033 1159 1098 1184 ero
1140 1151 1176 1184 et
1216 1146 1359 1196 rogabo
1402 1158 1469 1195 pro
1508 1151 1544 1184 te

131 1204 274 1243 amicos
312 1209 349 1243 et
387 1210 517 1251 not0s;
568 1204 728 1243 forsitan
768 1205 838 1243 etsi
876 1204 976 1243 aliud
1015 1217 1107 1251 non,
1155 1204 1281 1243 saltim
1316 1205 1543 1243 mediatores

132 1264 187 1303 tui
212 1265 308 1312 fiant
336 1268 378 1302 ut
406 1264 541 1302 fratres
570 1269 606 1302 et
635 1263 758 1303 amici.

238 1323 444 1362 Venientes
474 1329 603 1362 autem
638 1324 686 1361 ad
721 1324 916 1372 quendam
951 1322 1122 1370 diuitem,
1161 1323 1223 1372 qui
1261 1323 1429 1362 amicus⁵<
1463 1328 1544 1362 erat

131 1382 337 1429 Theodori,
367 1383 497 1421 dicunt
525 1384 578 1420 ad
605 1396 708 1421 eum:
738 1382 915 1429 Domine,
946 1382 1183 1432 quesiuimus
1213 1396 1234 1421 3
1263 1388 1299 1421 te
1328 1396 1478 1429 aurum,
1508 1388 1543 1421 et
1573 1382 1624 1420 020

131 1454 210 1480 11011
239 1441 351 1480 nobis
387 1441 541 1490 dedisti;
583 1442 643 1480 uel
679 1454 785 1480 nunc
812 1441 925 1480 facito
964 1441 1274 1481 misericordiam.
1331 1442 1427 1480 Ecce
1465 1442 1542 1491 qui-

130 1501 219 1539 dam
248 1506 502 1551 compunctus
533 1502 581 1539 ad
610 1501 790 1550 pietatem
821 1501 902 1539 uult
931 1501 1047 1538 michi
1067 1503 1175 1550 dare,
1204 1503 1269 1539 sed
1290 1501 1411 1550 querit
1440 1515 1462 1539 a
1481 1514 1544 1539 me

130 1559 399 1610 antiphonitin.
458 1560 553 1599 Veni
582 1573 724 1607 nunc,
764 1561 926 1609 obsecro,
970 1565 1007 1599 et
1035 1560 1160 1610 recipe
1197 1573 1259 1599 me
1296 1560 1335 1598 in
1365 1560 1438 1598 fide
1466 1565 1542 1599 tua.

129 1621 183 1657 Ac
211 1619 273 1657 ille
302 1632 390 1658 cum
417 1620 511 1658 hoc*
540 1619 725 1667 audisset,
763 1633 852 1658 cum
890 1620 1185 1670 exprobratione
1223 1621 1323 1658 dixit
1352 1620 1400 1657 ad
1436 1632 1542 1658 eum:

129 1679 278 1717 Recede
321 1692 343 1717 a
380 1692 455 1726 me,
498 1692 519 1717 o
561 1679 694 1726 homo,
737 1680 883 1717 recede.
940 1679 1021 1729 Ego
1060 1679 1164 1717 enim
1199 1679 1246 1717 ad
1283 1679 1479 1717 infidelem
1507 1684 1543 1717 et
1573 1677 1623 1714 25

129 1743 237 1776 extra
273 1738 397 1787 legem
431 1738 619 1777 hebreum
648 1738 868 1776 nullatenus
904 1752 1072 1788 pergam.
1130 1738 1247 1784 Vade,
1285 1751 1307 1776 o
1336 1738 1466 1784 homo,
1504 1737 1543 1776 in

129 1797 233 1836 uiam
261 1802 380 1836 tuam.
438 1796 618 1836 Similiter
647 1802 776 1836 autem
805 1803 842 1836 et
871 1798 918 1835 ad
947 1797 1053 1844 alios,
1083 1810 1171 1835 cum
1192 1796 1206 1846 ΙΙ
1227 1796 1380 1843 abisset,
1410 1798 1686 1834 eademW159v

130 1869 266 1906 passus
295 1861 363 1895 est.
419 1857 587 1895 Proinde
615 1856 754 1895 decidit
780 1856 819 1894 in
839 1870 1022 1906 magnam
1044 1856 1253 1894 tristiciam.
1294 1857 1353 1893 Et
1382 1869 1542 1894 reuer-

130 1928 206 1953 sus
233 1921 302 1953 est
330 1918 381 1954 in
410 1917 589 1954 domum
618 1929 778 1965 suam,
807 1929 905 1954 cum
934 1918 1025 1953 iam
1054 1928 1257 1964 uespera
1287 1920 1421 1953 esset.
1479 1915 1542 1952 Et

129 1987 222 2012 non
248 1977 485 2024 qustauit
523 1988 633 2013 sero
662 1975 759 2012 illo
798 1977 1055 2025 quicquam
1078 1980 1295 2023 propter
1334 1976 1541 2011 nimiam
1570 1972 1622 2010 30

129 2035 412 2082 anqustiam.

235 2092 350 2130 Mane
378 2097 508 2131 autem
535 2092 635 2131 facto
664 2091 823 2130 ueniens
862 2093 909 2130 ad
939 2091 1136 2130 ecclesiam
1175 2097 1306 2130 sancte
1334 2091 1401 2129 Dei
1439 2091 1541 2141 geni—

129 2150 231 2189 tricis
259 2150 300 2189 in
319 2151 540 2198 Blacherne,
565 2154 785 2200 proiecit
814 2164 861 2189 se
891 2154 939 2189 in
961 2154 1264 2201 pauimento,
1293 2152 1460 2189 orabat
1489 2164 1542 2190 ex

129 2215 222 2248 toto
251 2212 395 2248 eorde
423 2223 520 2249 cum
558 2211 790 2249 lacrimis.
846 2211 898 2248 Et
936 2211 1026 2248 dum
1064 2211 1278 2260 complesset
1315 2209 1540 2256 orationem,

129 2267 258 2307 uisum
287 2273 344 2307 est
380 2268 442 2315 illi,
482 2274 522 2307 ut
550 2268 690 2307 iterum
725 2268 795 2307 iret
834 2270 881 2307 ad
918 2269 1106 2306 hebreum
1142 2268 1385 2309 Abramium.
1442 2269 1540 2307 Cum
1569 2267 1618 2304 35

130 2333 258 2366 autem
286 2327 369 2375 iret,
412 2328 516 2366 uenit
554 2329 601 2366 ad
636 2328 712 2366 iam
742 2327 860 2366 dictas
899 2328 1144 2377 columpnas;
1187 2328 1275 2367 inde
1317 2328 1419 2366 enim
1462 2333 1541 2366 erat

241 2424 277 2456 11
307 2423 503 2457 abicierant
533 2423 570 2456 1a
632 2423 675 2456 27
703 2423 747 2457 ad
773 2423 811 2456 ⁹28
870 2424 915 2457 :36
942 2426 1016 2456 erat
1042 2424 1078 2457 ‘28
