1834 2967
701 152 960 190 -35—

126 274 293 325 precepit
322 275 355 313 ei
383 281 425 312 ut
453 276 642 313 laboraret
670 275 796 325 ipsum
832 280 1033 325 argentum
1071 280 1105 313 et
1141 280 1327 315 sterneret
1364 275 1401 314 in
1437 274 1538 326 paui-

125 339 278 381 mento,
327 333 392 371 ubi
441 339 543 372 stant
592 335 808 372 sacerdotes
859 339 895 372 et
950 334 1135 372 thronum
1189 334 1462 385 archiepiscopi
1504 340 1540 373 et

126 405 332 431 ascensum
360 391 443 430 eius
471 398 507 431 et
536 405 582 430 ex
612 392 716 430 omni
738 397 845 442 parte
874 392 971 431 sacri
1001 392 1142 438 altaris,
1172 393 1397 443 columpnas
1429 407 1540 432 vero

126 456 163 489 et
191 450 413 501 pectoralia3
443 450 632 489 ciburium
652 455 793 497 autem,
823 451 925 500 quod
945 455 1021 489 stat
1041 464 1156 500 super
1184 457 1363 489 sanctum
1378 453 1540 490 Domini

127 523 317 557 mensam,
361 514 398 547 et
432 510 652 556 ambonem,
693 512 759 559 qui
789 515 847 547 est
888 509 1093 560 pulpitum,
1131 511 1177 548 de
1215 515 1374 560 argento
1403 512 1538 560 proba·
1595 513 1618 549 5

128 569 289 607 tissimo.
346 568 445 607 Cum
472 571 571 606 enim
600 569 775 617 perfecta
810 575 932 607 essent
969 571 1128 607 omnia
1166 570 1261 607 bona
1303 576 1345 607 et
1381 570 1539 608 mirifica

129 641 255 678 opera,
287 640 360 677 que
388 640 510 676 usque
536 626 651 665 hodie
674 633 923 677 perseuerant
950 627 990 666 in
1013 634 1297 666 sacrosanctum
1318 626 1333 677 Η
1352 629 1684 678 templumw164v

129 693 260 726 sancte
303 686 458 737 Sophie,
501 688 600 737 quod
642 692 699 724 est
740 686 808 725 Dei
849 686 1050 737 sapientia,
1090 687 1281 736 reliquum
1323 693 1540 737 argentum,

129 747 231 795 quod
268 747 314 783 de
351 745 509 795 plumbo
551 751 605 783 est
640 746 829 792 effectum,
868 747 1150 797 deputauerunt
1186 747 1224 784 in
1263 746 1344 784 aliis
1379 746 1539 785 diuersis

126 804 317 855 operibus,
1320 841 1323 846 ,
1572 806 1620 844 10

234 864 345 902 Tunc
373 864 540 901 domnus
561 864 788 902 Theodorus
817 877 906 902 cum
934 864 1096 914 coniuge
1125 877 1194 903 sua
1223 864 1540 902 abrenuntiantes

128 923 269 970 seculo,
298 922 384 961 facti
412 927 502 960 sunt
530 922 712 961 monachi
741 928 777 961 et
805 928 1097 973 perseuerantes
1129 923 1167 961 in
1200 923 1332 961 bonis*
1359 923 1540 974 operibus

128 983 175 1020 ad
213 995 365 1020 summa
407 984 638 1020 uirtutum
680 982 848 1021 culmina
875 985 1166 1032 perunxerunt,
1208 983 1259 1021 ita
1296 987 1337 1021 ut
1378 982 1540 1020 uirtutes

120 1042 373 1090 plurimas
401 1053 468 1091 per
505 1054 571 1079 eos
607 1041 796 1080 Dominus
835 1044 1119 1080 demonstraret
1160 1047 1197 1080 et
1237 1054 1393 1092 queque
1428 1047 1540 1080 erant

131 1102 334 1139 uentura**
377 1100 626 1150 predicerent.
683 1101 871 1139 Dominus
913 1106 1042 1139 autem
1084 1100 1291 1139 Abramius
1337 1100 1539 1139 fabricauit
1572 1101 1618 1137 10

128 1160 314 1210 templum
349 1160 554 1199 mirificum
589 1161 627 1199 in
657 1161 741 1199 loco
776 1166 907 1199 sancte
942 1160 1130 1210 ymaginis
1165 1160 1234 1198 Dei
1268 1165 1305 1199 et
1339 1159 1540 1198 saluatoris

128 1219 249 1258 nostri
290 1220 402 1258 Ihesu
446 1220 598 1267 Christi,
641 1221 743 1270 quod
784 1220 946 1258 diuersis
989 1219 1179 1259 coloribus
1226 1225 1262 1258 et
1303 1219 1539 1257 ornamentis

129 1279 336 1318 decorauit.

236 1338 284 1376 Vt
312 1344 434 1377 autem
465 1339 609 1377 audiuit
637 1339 825 1378 Proculus
860 1338 1170 1388 archiepiscopus
1202 1338 1303 1387 quod
1331 1336 1540 1376 Abramius

129 1397 281 1444 fecerat,
310 1397 422 1436 ualde
450 1398 501 1435 illi
521 1398 673 1448 placuit.
729 1399 777 1436 Et
805 1399 951 1436 uadens
982 1411 1050 1448 per
1078 1397 1325 1447 semetipsum
1350 1396 1538 1435 dedicauit
1569 1396 1619 1433 20

129 1457 288 1494 eundem
314 1457 501 1507 templum
536 1457 574 1495 in
603 1457 752 1496 honore
780 1456 925 1495 domini
962 1462 999 1495 et
1034 1455 1235 1495 saluatoris
1274 1456 1393 1495 nostri
1426 1456 1539 1494 Ihesu

131 1514 284 1561 Christi,
314 1516 414 1565 quod
434 1516 703 1566 Antiphonitin
733 1516 996 1567 cognominari
1016 1515 1222 1554 constituit.
1265 1515 1395 1565 Ipsum
1415 1520 1539 1552 antem

128 1574 358 1613 Abramium
386 1575 424 1613 in
445 1576 577 1614 eodem
608 1577 726 1623 loeo,
759 1578 808 1614 id
835 1582 903 1614 est
931 1576 1128 1626 templo**‚
1157 1574 1411 1625 presbiterum
1442 1574 1540 1612 ordi-

129 1633 255 1682 nauit3
283 1636 406 1674 duos
425 1641 579 1674 autem
605 1637 753 1684 filios
772 1638 874 1674 eius
901 1637 1139 1674 diacones
1164 1636 1295 1683 fecit.
1330 1634 1377 1671 Et
1396 1633 1538 1672 factum

131 1698 188 1732 est
221 1694 404 1738 gaudium
440 1708 627 1745 magnum
670 1701 706 1733 et
744 1695 863 1734 letitia
899 1694 939 1732 in
978 1699 1057 1732 tota
1093 1694 1200 1740 urbe,
1239 1694 1370 1732 dantes
1405 1705 1539 1730 omnes
1568 1690 1618 1728 25

128 1752 258 1791 laudes
291 1757 329 1792 et
361 1753 521 1804 gloriam
551 1754 629 1793 Deo
671 1754 734 1804 qui
768 1754 856 1792 facit
891 1753 1080 1792 mirabilia
1108 1766 1249 1801 magna
1283 1752 1387 1790 solus
1426 1764 1541 1801 super

131 1824 266 1850 omnes
295 1811 358 1862 qui
387 1819 544 1863 sperant
571 1814 610 1852 in
640 1828 734 1853 eum.
779 1813 974 1861 Quoniam
994 1812 1121 1862 ipsum
1142 1812 1248 1850 decet
1276 1810 1401 1848 omnis
1421 1809 1541 1860 gloria

133 1876 168 1908 et
196 1870 317 1910 uirtus
346 1878 382 1911 et
409 1873 578 1923 potentia
598 1878 634 1912 et
652 1874 778 1911 honor
798 1878 834 1911 et
854 1871 1039 1917 adoratio,
1070 1872 1260 1909 Patrem
1289 1875 1329 1908 et
1356 1870 1539 1907 Filium

132 1936 171 1968 et
202 1931 445 1980 Spiritum
473 1939 709 1981 sanctum,
738 1944 842 1970 nunc
873 1937 908 1969 et
935 1943 1085 1981 semper
1105 1935 1141 1968 et
1161 1942 1226 1979 per
1246 1927 1393 1967 infinita
1414 1928 1540 1966 secula

133 1989 361 2029 seculorum.
419 1991 557 2030 Amen.
1568 1986 1619 2023 30

243 2140 284 2172 11}
311 2148 489 2172 summam
517 2138 574 2170 Jss
635 2137 678 2170 27
705 2137 820 2180 ipsum
846 2137 901 2175 Qr;
928 2135 993 2179 ipsi
1022 2135 1061 2168 1³

1365 2707 1399 2734 3*
