1834 2967
685 115 974 152 —127—

123 238 291 277 draconi.
354 238 450 277 Ecce
486 237 562 276 dixi
600 238 679 276 tibi.
736 238 841 276 Vade
879 251 968 288 ergo
1006 237 1044 275 in
1082 250 1185 287 pace,
1225 251 1274 276 ne
1308 238 1402 276 forte
1436 238 1534 276 male

123 297 311 336 moriaris.

229 355 401 394 Audiens
437 369 529 394 uero
562 356 634 394 hec
670 361 826 394 sanctus
862 354 1047 404 Georgius
1076 354 1167 392 dixit
1202 354 1253 393 ei:
1296 355 1410 393 Pater
1446 360 1534 393 tuus

124 415 324 464 ydolorum
365 415 486 453 cultor
523 420 580 453 est
617 419 653 454 et
689 414 815 453 omnis
856 415 1019 464 populus
1058 413 1138 451 eius
1180 427 1268 452 cum
1312 427 1368 453 eo.
1425 415 1535 453 Tunc

125 474 249 524 puella
277 474 509 524 interrogata
543 473 803 512 manifestauit
840 478 973 511 sancto
1008 472 1170 522 Georgio
1210 473 1340 511 omnia
1376 474 1535 511 nomina

125 534 324 582 ydolorum
356 546 451 582 quos
481 533 626 571 colebat
655 538 761 581 pater
790 531 882 570 eius
940 531 1009 570 Cui
1047 532 1098 569 ait
1136 536 1292 570 sanctus
1331 532 1533 581 Georgius:

124 592 211 630 Noli
252 592 397 637 timere,
441 593 506 630 sed
547 591 762 630 confortare
804 596 840 629 et
881 592 993 629 crede
1030 590 1068 628 in
1107 590 1317 628 Dominum
1359 596 1535 629 nostrum

124 651 280 690 Ihesum
309 650 516 697 Christum,
546 655 582 688 et
610 650 690 700 ipse
714 649 889 688 liberabit
918 655 965 688 te.
1022 649 1068 687 Et
1097 650 1253 688 eleuans
1284 649 1413 687 oculos
1445 663 1535 688 suos

126 716 281 748 sanctus
296 709 480 758 Georgius
498 710 545 747 ad
565 709 701 754 celum,
732 709 829 758 cepit
849 709 973 747 Deum
993 708 1174 747 inuocare
1202 708 1350 747 dicens:
1374 708 1536 747 Domine

127 769 229 808 Deus
250 769 418 807 Sabaoth
440 768 504 818 qui
532 769 641 806 sedes
671 781 786 818 super
806 767 1015 806 Cherubim
1036 773 1072 806 et
1101 767 1259 806 intueris
1280 767 1440 812 abissos‚
1472 767 1535 816 qui

127 841 167 866 es
182 841 293 866 verus
314 828 415 865 Deus
432 832 468 865 et
483 840 560 865 non
585 832 641 865 est
660 827 757 865 alius
778 832 904 877 preter
918 832 971 873 te;
1001 831 1042 864 tu
1062 826 1260 876 cognoscis
1290 826 1535 876 cogitationes

127 887 298 926 omnium
319 886 536 934 hominum,
565 892 772 935 antequam
801 887 912 932 fiant3
942 891 982 924 tu
1003 886 1106 924 enim
1136 885 1332 924 ostendisti
1352 898 1536 935 magnum

126 945 341 996 prodigium
370 959 436 995 per
465 946 650 984 famulum
686 952 792 984 tuum
824 946 989 992 Moisen3
1034 951 1087 991 tu,
1123 944 1297 991 Domine,
1338 946 1537 983 ostendere

127 1017 232 1044 nunc
251 1005 408 1055 dignare
428 1019 494 1055 per
511 1018 692 1055 magnam
706 1004 1007 1043 misericordiam
1036 1010 1144 1043 tuam
1165 1017 1278 1054 super
1298 1017 1360 1042 me
1380 1017 1537 1042 seruum

127 1071 236 1103 tuum
266 1070 302 1103 et
335 1065 394 1103 fac
423 1077 575 1102 mecum
604 1064 759 1114 signum
787 1064 825 1102 in
849 1064 960 1102 bonis
981 1069 1017 1102 et
1046 1063 1154 1102 mitte
1190 1064 1292 1102 hanc
1329 1063 1537 1112 malignam

127 1124 288 1163 bestiam
318 1125 389 1162 sub
418 1123 578 1173 pedibus
598 1123 706 1170 meis,
736 1128 777 1161 ut
796 1128 1030 1173 cognoscant
1059 1135 1195 1161 omnes
1223 1122 1538 1163 cirllcumstantes

128 1184 216 1233 quia
244 1190 285 1221 tu
321 1196 361 1221 es
398 1196 552 1221 mecum
590 1183 654 1232 qui
689 1183 779 1221 sacis
822 1184 1017 1221 mirabilia
1054 1195 1194 1232 magna
1237 1182 1340 1220 solus
1378 1181 1416 1219 in
1459 1182 1538 1220 celo

127 1256 283 1282 sursum
313 1248 348 1280 et
377 1242 416 1280 in
445 1247 545 1281 terra
573 1244 766 1281 deorsum.
823 1242 933 1280 Tunc
962 1241 1067 1280 uenit
1096 1242 1144 1279 ad
1173 1254 1261 1279 eum
1290 1254 1363 1279 vox
1392 1242 1437 1279 de
1458 1241 1538 1279 celo

129 1302 274 1340 dicens:
305 1302 337 1340 O
366 1301 515 1351 Georgi,
544 1302 671 1340 audita
701 1307 757 1340 est
786 1300 906 1340 oratio
936 1306 1001 1339 tua
1030 1301 1068 1338 in
1098 1313 1210 1339 aures
1230 1299 1396 1338 Domini.
1444 1300 1539 1337 Ecce

128 1361 223 1400 facio
252 1367 381 1400 tecum
410 1361 505 1399 sicut
543 1360 686 1411 petisti3
729 1361 788 1399 fac
825 1374 915 1411 ergo
953 1361 1054 1410 quod
1092 1359 1168 1406 uis;
1209 1371 1277 1409 ego
1313 1359 1417 1397 enim
1452 1371 1539 1396 sum

128 1426 271 1467 tecum3
303 1420 382 1459 noli
411 1420 556 1459 timere.

234 1481 326 1519 Post
359 1481 432 1519 hec
467 1493 559 1518 uero
594 1492 806 1518 conuersus
840 1478 946 1526 uidit,
987 1483 1023 1517 et
1058 1491 1144 1517 ecce
1185 1477 1331 1527 rugitus
1373 1489 1538 1526 magnus

130 1540 249 1578 factus
291 1545 347 1578 est
387 1539 427 1577 in
466 1553 575 1589 aqua.
633 1539 743 1577 Tunc
781 1539 907 1589 puella
935 1537 1164 1576 exclamauit
1200 1549 1295 1575 uoce
1333 1549 1474 1584 magna
1503 1540 1539 1573 et

130 1599 222 1638 dixit
251 1604 383 1638 sancto
414 1599 590 1649 Georgio:
620 1597 784 1636 Domine
813 1597 878 1644 mi,
907 1597 994 1646 fuge
1014 1596 1210 1643 uelociter3
1241 1608 1327 1633 ecce
1346 1594 1538 1643 malignus

129 1661 242 1699 draco
263 1659 379 1697 uenit.
424 1658 521 1697 Cum
541 1663 671 1696 autem
690 1657 900 1707 aspexisset
928 1669 1016 1694 eum
1038 1660 1193 1694 sanctus
1214 1653 1421 1703 Georgius,
1440 1653 1537 1691 festi-

130 1733 229 1759 nans
257 1719 298 1758 in
327 1731 531 1757 occursum
552 1718 632 1756 eius
662 1718 818 1755 eleuans
846 1729 1007 1754 manum
1028 1728 1138 1753 suam
1168 1719 1302 1752 contra
1331 1715 1539 1751 draconem

129 1779 216 1818 fecit
244 1778 396 1829 signum
431 1781 562 1816 sancte
591 1776 723 1815 Crucis
758 1775 904 1813 dicens:
943 1774 1107 1812 Domine
1142 1774 1243 1811 Deus
1280 1785 1390 1810 meus
1425 1772 1538 1810 Ihesu

132 1838 294 1885 Christe,
323 1838 371 1876 da
399 1836 515 1875 michi
544 1836 727 1874 uirtutem
755 1840 889 1873 contra
918 1835 1125 1872 draconem
1154 1832 1283 1878 istumy
1313 1836 1354 1869 ut
1383 1844 1540 1881 cognos-

133 1903 220 1937 cant
261 1910 395 1936 omnes
433 1896 493 1935 isti
522 1894 706 1934 increduli
744 1899 780 1932 et
809 1894 965 1932 credant
999 1892 1039 1930 in
1068 1897 1116 1930 te.
1174 1891 1255 1929 Hec
1289 1895 1418 1928 autem
1453 1902 1541 1928 cum

133 1957 301 2004 dixisset,
331 1969 397 2006 per
426 1955 607 1994 uirtutem
628 1953 748 1992 sancti
770 1952 932 2003 Spiritus
963 1956 999 1990 et
1018 1951 1232 1990 orationem
1262 1949 1388 1988 statim
1409 1948 1540 1987 cecidit

133 2018 247 2055 draco
277 2021 364 2054 ante
392 2016 507 2065 pedes
536 2014 629 2053 eius.
686 2014 731 2051 Et
760 2011 853 2051 dixit
882 2012 929 2050 ad
958 2011 1141 2061 puellam:
1180 2009 1286 2048 Tolle
1315 2009 1467 2047 frenum
1495 2009 1542 2046 de

134 2089 232 2126 equo
261 2079 297 2114 et
326 2073 475 2125 porrige
503 2073 630 2112 michi.
688 2072 733 2111 Et
762 2071 885 2110 attulit
914 2070 959 2117 ei,
996 2070 1200 2108 exsoluens
1229 2081 1380 2107 comam
1410 2067 1541 2117 capitis

134 2139 214 2175 eius
242 2140 279 2173 et
306 2134 408 2172 dedit
436 2138 567 2172 sancto
588 2131 762 2182 Georgio.
807 2131 918 2168 Tunc
946 2134 1102 2168 sanctus
1122 2127 1307 2178 Georgius
1328 2127 1541 2165 secundum

135 2199 356 2246 preceptum
391 2192 544 2230 Domini
579 2197 716 2230 tenens
756 2190 886 2240 ligauit
925 2189 1133 2227 draconem
1174 2191 1210 2225 et
1259 2185 1352 2224 dixit
1402 2185 1540 2235 puelle:

134 2253 392 2304 Apprehende
421 2265 509 2290 eum
538 2256 574 2290 et
602 2263 716 2301 perge
745 2263 833 2288 cum
862 2262 906 2287 eo
935 2261 1001 2298 per
1029 2246 1196 2285 mediam
1225 2245 1428 2284 ciuitatem.

241 2313 291 2351 Ut
319 2317 446 2350 autem
475 2310 567 2349 uidit
587 2310 712 2349 omnis
741 2309 904 2359 populus
925 2306 1086 2346 ciuitatis
1115 2305 1189 2344 hoc
1217 2317 1402 2355 magnum
1431 2303 1542 2341 mira-

136 2373 278 2419 culum,
319 2370 445 2409 mirati
487 2370 597 2409 ualde
635 2382 770 2408 omnes
804 2368 843 2406 in
878 2368 1007 2416 fugam
1043 2364 1219 2404 conuersi
1257 2368 1349 2402 sunt
1388 2368 1543 2413 propter

136 2433 312 2471 timorem
351 2429 539 2469 draconis.
595 2429 706 2476 Quod
737 2441 824 2466 cum
862 2426 1020 2465 uidisset
1054 2429 1209 2463 sanctus
1245 2423 1443 2472 Georglus,
1481 2434 1542 2459 ex-

136 2490 315 2531 clamauit
333 2503 428 2528 uoce
447 2501 587 2538 magna
607 2488 753 2526 dicens:
782 2485 906 2524 Nolite
935 2485 1080 2531 timere,
1110 2484 1175 2522 sed
1196 2487 1291 2521 state
1311 2487 1348 2520 et
1367 2480 1543 2520 confidite

137 2557 173 2590 et
192 2549 368 2589 uidebitis
387 2548 455 2586 Dei
475 2545 748 2597 omnipotentis
767 2543 1079 2584 misericordiam.
1108 2542 1156 2580 Et
1183 2541 1277 2580 dixit
1296 2541 1365 2579 eis:
1395 2538 1544 2578 Credite

137 2611 177 2650 in
206 2610 329 2648 Deum
358 2612 505 2658 patrem
534 2606 836 2656 omnipotentem
870 2609 907 2643 et
942 2604 979 2641 in
1009 2603 1163 2641 Ihesum
1193 2600 1389 2640 Christum
1424 2597 1542 2636 filium

1569 768 1616 806 10

1570 1068 1616 1106 lo

1559 1137 1612 1164 f01.
1629 1137 1679 1164 174

1568 1357 1619 1394 20

1567 1651 1616 1689 ἑῇ

1569 1947 1622 1984 30

1571 2243 1622 2279 35

1572 2539 1624 2576 40
