1834 2967
260 241 436 287 Quadam
457 239 471 290 ΙΙ
492 253 583 278 uero
626 240 686 279 die
727 253 814 278 cum
856 240 1049 278 introisset
1094 242 1133 277 ῖη
1171 238 1375 285 ciuitatem,
1413 238 1560 277 inuenit
1585 243 1666 278 T62

155 300 350 349 quendum
392 299 591 338 diaconem
637 298 793 338 ecclesie
834 298 1034 348 antiquum
1075 298 1241 336 amicum
1282 311 1395 336 suum
1435 298 1561 336 uirum

154 358 385 409 religiosum,
407 358 564 397 nomine
584 358 731 396 Fidum.
761 358 866 408 Aput
885 358 1011 407 ipsum
1032 355 1046 406 Η
1067 356 1163 406 cepit
1182 370 1349 403 manere,
1368 356 1562 406 quociens·
1580 361 1688 396 Κ13Ο

155 430 319 467 cumque
347 417 630 467 ingrediebatur
658 417 849 455 ciuitatem
879 429 947 466 pro
977 415 1245 465 qualicumque
1272 416 1508 454 necessitate.

261 476 403 515 Videns
432 481 558 514 autem
588 474 802 513 inuidiosus
841 476 980 514 demon
1017 479 1162 513 tantam
1200 474 1273 512 uiri
1307 475 1563 513 constantiam
1617 476 1641 513 5

156 541 269 584 atque
298 534 554 573 obedientiam
584 539 619 572 et
648 547 728 572 non
757 534 944 572 sufferens
973 533 1132 572 tetendit
1161 533 1228 571 Dei
1258 533 1400 571 famulo
1433 533 1563 571 huius-

155 594 259 632 modi
286 594 484 643 laqueum:
527 592 659 631 Filiam
689 592 865 631 unicam*
894 593 1061 631 habebat
1089 592 1328 643 supradictus
1361 591 1563 639 diaconus3

155 653 227 691 hec
256 654 411 691 seducta
439 666 461 691 a
481 653 647 701 quodam
667 652 819 699 lectore,
849 651 1006 690 nomine
1025 651 1257 698 Alexandro,
1287 657 1466 701 corrupta
1496 657 1563 690 est.

156 711 252 750 Cum
282 717 408 750 autem
438 711 675 761 concepisset
703 710 840 761 puella,
870 710 1113 749 tremefactus
1140 711 1272 757 lector⁷
1300 709 1440 748 timens
1470 710 1564 759 epis-

155 784 293 821 copum
323 775 359 808 et
378 770 609 820 turpidinem
636 783 715 808 non
736 770 935 817 sufferens,
965 769 1084 808 suasit
1112 769 1260 819 puellae
1288 774 1330 808 ut
1358 782 1470 807 seruo
1499 768 1566 807 Dei
1599 768 1646 806 10

154 830 347 868 Antiocho
376 829 582 868 ascriberet
602 833 751 868 reatum
780 842 906 868 suum.
949 828 1019 867 Cui
1049 828 1293 868 consentiens
1314 828 1460 878 puellae
1488 840 1566 866 om-

156 902 225 927 nes
254 888 485 927 certificabat
513 888 567 927 sic
596 901 691 927 esse.

260 949 353 987 Post
373 948 452 986 dies
483 953 611 987 autem
632 947 882 997 quadraginta
903 946 1111 985 natiuitatis
1132 946 1287 985 infantis
1304 951 1439 984 notum
1460 944 1474 996 ΙΙ
1495 945 1566 984 fac·
1586 950 1690 984 B90v

155 1013 238 1046 tum
268 1013 325 1046 est
353 1007 530 1057 episcopo
560 1008 607 1045 de
644 1007 780 1057 puella.
838 1006 883 1044 Et
920 1007 1116 1045 aduocatis
1151 1006 1351 1056 episcopus
1389 1006 1566 1055 puellam,

156 1067 405 1116 interrogauit
440 1080 524 1105 eam
560 1079 648 1104 cum
675 1067 821 1116 yrandi
857 1065 914 1104 ira
951 1070 987 1104 et
1016 1064 1130 1103 minis
1160 1064 1333 1115 plurimis
1372 1064 1456 1114 quis
1493 1064 1568 1102 hoc
1600 1063 1645 1100 15

156 1126 316 1165 fecisset.
360 1126 426 1164 Illa
447 1138 552 1172 uero,
579 1126 675 1164 sicut
697 1125 829 1163 edocta
848 1124 981 1172 fuerat,
1011 1125 1223 1174 respondit:
1253 1125 1467 1163 Monachus
1489 1128 1568 1161 An-

157 1185 325 1232 tiochus,
369 1185 466 1223 sicut
502 1185 670 1223 habebat
707 1183 1025 1222 consuetudinem
1054 1183 1234 1222 ueniendi
1272 1184 1319 1222 ad
1356 1196 1448 1230 nos,
1488 1182 1568 1233 ipse

157 1257 219 1283 me
248 1245 436 1283 seducens
465 1243 644 1294 corrupit.
701 1242 868 1282 Credidit
903 1243 978 1281 hoc
1016 1243 1216 1293 episcopus
1255 1248 1291 1281 et
1328 1255 1464 1280 omnes
1504 1240 1568 1291 qui

158 1317 245 1342 cum
275 1316 319 1342 eo
348 1308 469 1342 erant.
526 1303 571 1341 Et
608 1302 802 1341 mittentes
841 1314 930 1340 cum
966 1303 1086 1340 multa
1114 1301 1376 1352 indignatione
1413 1301 1452 1339 in
1490 1313 1569 1339 mo-

158 1362 370 1401 nasterium
398 1362 484 1400 fecit
511 1361 647 1400 adduci
677 1366 854 1400 sanctum
882 1360 951 1400 Dei
978 1374 1065 1399 cum
1095 1360 1233 1399 iniuria
1261 1365 1298 1399 et
1326 1360 1567 1399 contumelia.
1598 1359 1649 1396 20

266 1421 364 1460 Cum
405 1426 533 1459 autem
574 1420 769 1459 introisset
811 1420 850 1458 in
892 1420 1096 1467 ciuitatem,
1140 1419 1201 1458 alii
1249 1420 1435 1458 cedebant
1481 1432 1569 1457 eum

158 1481 335 1527 fustibus,
378 1480 439 1519 alii
480 1479 727 1526 iniuriabant,
765 1478 826 1517 alii
868 1479 1129 1527 colafizabant,
1169 1478 1230 1518 alii
1273 1479 1568 1529 exprobrabant.

156 1541 242 1590 Ipse
288 1553 380 1578 uero
427 1539 559 1577 omnia
600 1552 688 1577 cum
731 1537 912 1588 patientia
959 1539 1154 1577 sustinens
1192 1543 1432 1589 presentatus
1474 1542 1531 1575 est
1551 1535 1566 1586 ΙΙ
1594 1539 1696 1574 T6⁰2v

160 1599 349 1650 episcopo.
405 1598 531 1646 Quem
568 1597 817 1647 interrogauit
852 1597 883 1635 si
920 1597 972 1636 ita
1000 1597 1173 1647 gestum*
1207 1602 1320 1644 esset,
1361 1596 1471 1635 sicuti
1505 1596 1569 1634 illa

158 1663 398 1708 exposuerat.
454 1656 556 1696 Dixit
591 1670 728 1695 seruus
757 1656 825 1695 Dei
853 1656 1087 1695 Antiochus:
1127 1656 1166 1695 Si
1196 1656 1324 1694 dixero
1354 1655 1567 1701 ueritatem,
1597 1653 1647 1691 25

160 1717 299 1756 ueritas
342 1717 381 1755 in
421 1721 550 1755 uestro
586 1715 781 1754 mendatio
824 1729 902 1754 non
942 1716 1128 1756 credetur.
1198 1716 1244 1754 Et
1279 1720 1428 1754 astante
1462 1714 1569 1753 omni

158 1777 270 1815 turba
316 1777 558 1827 populorum,
605 1774 833 1814 exclamauit
879 1775 1002 1825 puella
1039 1777 1201 1825 magna*
1239 1787 1333 1813 uoce
1374 1779 1410 1812 et
1457 1773 1566 1812 dixit:

159 1835 258 1884 Quid
286 1836 407 1874 habes
435 1835 595 1881 dicare,
626 1834 822 1885 inpostor?
877 1834 963 1872 Non
994 1839 1101 1884 potes
1131 1847 1286 1884 negare3
1325 1846 1371 1871 ex
1400 1838 1437 1872 te
1465 1832 1709 1871 enimK130v

159 1895 309 1945 genitus
325 1900 382 1933 est
410 1907 515 1945 puer.
554 1893 654 1942 Quid
683 1892 900 1932 erubescis?
938 1893 1129 1931 Confitere
1150 1893 1250 1942 quod
1269 1892 1423 1933 felicisti.
1458 1892 1686 1930 TuncE149

159 1954 413 2004 ingemiscens
442 1959 556 2003 atque
584 1952 783 2002 suspirans
812 1965 947 1990 seruus
976 1952 1044 1990 Dei
1069 1952 1283 1990 Antiochus
1318 1951 1430 1990 dixit:
1473 1951 1568 1989 Date
1596 1949 1648 1987 30

160 2012 276 2051 michi
305 2012 503 2059 infantem,
533 2017 574 2050 ut
602 2012 754 2050 uideam
784 2011 814 2049 si
845 2024 891 2049 ex
920 2024 982 2049 me
1011 2015 1067 2049 est
1086 2011 1249 2061 genitus.
1306 2011 1351 2049 Et
1380 2009 1569 2060 accipiens

160 2085 322 2122 puerum
351 2071 388 2109 in
405 2071 586 2110 manibus
616 2070 706 2117 suis,
728 2083 816 2108 cum
836 2070 1086 2119 quadraginta
1115 2069 1263 2108 dierum
1283 2075 1394 2116 esset,
1425 2069 1571 2119 aspexit

160 2131 199 2169 in
228 2131 351 2169 celum
381 2135 417 2168 et
446 2129 539 2168 dixit
558 2142 693 2179 puero:
724 2130 767 2167 In
797 2128 954 2167 nomine
974 2129 1128 2167 Domini
1156 2129 1277 2167 nostri
1296 2129 1409 2167 Ihesu
1430 2127 1570 2167 Christi

271 2292 282 2324 1
314 2290 412 2332 uero]
439 2292 561 2324 autem
586 2291 662 2324 ΕΚ
704 2289 762 2323 die
792 2289 836 2324 Ts
881 2290 901 2322 2
928 2299 1033 2323 suum
1059 2288 1215 2322 amicum
1241 2289 1312 2322 BT
1357 2289 1378 2322 3
1403 2287 1504 2321 illum
1529 2289 1567 2327 -t-

161 2354 245 2386 ergo
271 2344 346 2377 ΕΚ
408 2344 429 2377 5
454 2342 599 2377 inuidus
623 2341 684 2377 Κ2
744 2343 766 2376 8
791 2342 868 2385 hec]
896 2352 964 2385 que
989 2343 1063 2375 E'K
1128 2342 1170 2375 12
1202 2341 1445 2376 certificabant
1470 2338 1571 2374 B¹T¹

166 2397 208 2431 14
234 2396 432 2440 episcopus]
471 2407 526 2430 om
551 2396 593 2429 K
665 2396 707 2429 15
738 2395 980 2438 interrogabat
1010 2396 1086 2428 ΕΚ
1154 2395 1332 2438 minisque
1366 2395 1442 2428 E'K
1481 2392 1571 2437 quis]

162 2451 223 2493 qui
248 2451 319 2484 ΕΚ
372 2451 414 2484 18
440 2449 579 2483 seduxit
596 2452 631 2483 et
647 2450 723 2483 ΕΚ
770 2450 812 2483 19
839 2448 983 2483 mittens
1009 2449 1080 2482 BT
1125 2448 1171 2482 20
1195 2447 1290 2490 fecit]
1315 2447 1393 2481 uel:
1411 2447 1571 2480 fecerunt

163 2505 204 2544 S;
230 2504 391 2538 fecerunt
417 2504 455 2536 K
502 2503 547 2536 22
573 2502 843 2546 colaphizabant
867 2503 939 2535 ΕΚ
988 2501 1033 2535 ,⁶24
1059 2501 1149 2535 sicut
1174 2502 1249 2535 ΕΚ
1295 2500 1340 2534 95
1365 2509 1571 2543 composue-

163 2560 219 2591 rat
236 2558 307 2591 EK
357 2557 402 2590 26
419 2555 564 2599 ueritas]
581 2566 636 2589 om
653 2557 725 2589 BT
769 2556 812 2589 27
832 2555 989 2598 dixitque
1006 2556 1079 2588 ΕΚ
1127 2555 1172 2588 30
1188 2554 1364 2596 ingemuit
1381 2554 1455 2586 ΕΚ
1501 2553 1570 2586 An-

164 2609 314 2654 tiochus]
340 2621 394 2644 om
412 2610 453 2643 Κ
497 2609 590 2651 date]
617 2608 688 2643 dite
713 2610 752 2643 K
757 2607 768 2627 ¹
817 2609 857 2642 31
887 2608 1028 2651 genitus
1054 2607 1097 2642 sit
1123 2608 1195 2641 ΕΚ
1244 2607 1287 2641 32
1305 2605 1480 2650 aspiciens
1505 2606 1575 2639 BT
