1834 2967
885 105 1149 143 *50—

170 237 298 271 Κ1341γ
312 231 396 268 culo
417 229 431 280 Η
451 229 517 268 uix
546 229 651 280 potui
680 229 806 279 egredi
831 242 854 268 a
882 233 1150 268 monumento.
1184 250 1229 255 —
1261 227 1359 265 Ecce
1387 225 1463 264 dixi
1496 225 1607 265 uobis
1636 239 1725 275 qua-

310 289 393 329 liter
422 302 534 328 cecus
563 290 672 328 sum*
699 289 832 328 factus.

418 348 500 387 Hec
515 353 556 387 ut
584 348 814 396 audiuimus,
836 347 962 386 innuit
989 346 1106 386 michi
1132 347 1299 385 domnus
1319 344 1616 396 Symphronius,
1646 357 1727 383 sur-

281 391 480 480 }reximus
510 413 547 447 et
574 407 815 446 recessimus.
837 405 852 458 ΙΙ
872 406 1051 456 Dixitque
1071 405 1086 457 ΙΙ
1106 404 1241 445 michi:
1281 405 1392 451 Vere,
1434 405 1575 443 domne
1612 404 1726 451 abba,

311 471 348 505 et
390 467 422 505 si
465 480 543 505 non
585 466 731 517 operati
768 479 902 505 sumus
940 466 1067 513 hodie,
1111 471 1240 504 tamen
1278 463 1439 503 edificati
1478 475 1612 501 sumus
1646 476 1726 501 non

310 525 471 564 modice.
494 547 540 553 -—
563 526 646 564 Hec
674 530 802 564 autem
832 525 1055 576 scripsimus
1074 526 1180 563 uobis
1209 528 1250 562 ut
1279 528 1315 562 et
1335 522 1533 561 audientes
1553 521 1728 560 edificen-

191 590 294 624 T65v
313 590 375 624 tur
412 590 448 623 et
469 583 483 635 ΙΙ
504 589 739 635 cognoscant
777 597 925 632 omnes,
967 583 1055 633 quia
1085 597 1199 622 nemo
1238 582 1380 621 faciens
1422 581 1567 620 malum
1604 585 1728 631 potest

312 644 478 694 effugere
505 643 688 682 iudicium
717 643 798 682 Dei.

257 391 278 471 wie

194 390 253 423 87

195 438 265 471 139.

705 777 776 820 14.
821 776 992 819 Simile
1030 775 1332 831 supradicto.

236 871 284 908 10
313 866 549 955 supradicti
579 867 769 906 sermonis
790 879 862 905 nos
882 866 953 917 ipsi
973 866 1164 905 auditores
1194 866 1335 905 fuimus
1356 867 1403 904 ab
1424 865 1487 904 illo
1507 865 1572 915 qui
1592 878 1730 916 passus

399 932 467 966 est.
523 926 639 964 Aliud
677 931 804 964 autem
839 925 929 964 huic
967 925 1089 963 simile
1130 926 1249 964 abbas
1278 925 1476 964 Johannes
1515 926 1561 964 de
1594 937 1728 964 mona-

313 986 427 1025 sterio
448 986 550 1035 quod
570 984 707 1024 dicitur
727 985 961 1035 Gigantium,
992 997 1080 1023 cum
1101 984 1140 1022 in
1161 985 1230 1023 Dei
1250 984 1443 1023 ciuitatem
1471 984 1729 1031 uenissemus,

312 1048 391 1095 «ipse
410 1045 545 1083 nobis*
573 1043 758 1083 narrauit.
797 1044 955 1082 Dicebat
975 1049 1102 1081 autem
1124 1043 1214 1093 quia
1245 1049 1334 1082 ante
1361 1043 1556 1082 modicum
1577 1049 1730 1094 tempus

312 1104 462 1143 iuuenis
492 1103 648 1154 quidam
677 1103 784 1142 uenit
811 1103 858 1141 ad
887 1116 950 1141 me
979 1103 1127 1141 dicens:
1157 1102 1318 1153 Propter
1348 1102 1471 1141 Deum
1501 1102 1625 1152 recipe
1653 1115 1728 1142 me.

171 1170 299 1204 E152v
316 1163 411 1202 Volo
437 1162 452 1214 ΙΙ
479 1163 582 1202 enim
624 1162 806 1213 penitere.
865 1162 1022 1201 Dicebat
1064 1162 1138 1200 hoc
1175 1174 1264 1200 cum
1302 1161 1471 1212 singultu
1507 1166 1543 1200 et
1577 1161 1731 1200 multis*

314 1222 493 1262 lacrimis.

418 1282 497 1332 Ego
527 1286 655 1320 autem
685 1293 773 1320 cum
803 1280 985 1319 uidissem
1014 1293 1105 1318 eum
1134 1278 1187 1318 sic
1215 1279 1360 1319 fortiter
1389 1279 1597 1318 contritum
1627 1285 1662 1318 et
1689 1279 1729 1318 in

312 1354 455 1391 magna
483 1340 728 1379 tribulatione
757 1340 937 1390 positum,
976 1339 1053 1378 dixi
1083 1339 1134 1378 ei:
1173 1339 1241 1377 Dic
1270 1338 1398 1386 michi,
1437 1339 1563 1378 filiole.
1620 1339 1731 1378 Vnde

314 1399 454 1439 uenisti
473 1400 513 1438 in
535 1405 683 1439 tantam
705 1399 1053 1450 conpunctionem?
1094 1398 1163 1437 Dic
1192 1398 1308 1437 michi
1328 1398 1529 1438 materiam
1551 1411 1665 1438 cause
1693 1404 1730 1438 et

235 1461 286 1499 ΩΟ
313 1459 430 1498 habet
458 1464 496 1498 te
524 1459 628 1498 Deus
657 1458 851 1497 adiuuare.
907 1458 981 1506 Qui
1011 1457 1081 1497 ait:
1112 1458 1222 1505 Vere,
1252 1459 1394 1496 domne
1423 1458 1535 1505 abba,
1564 1458 1731 1497 multum

312 1532 398 1557 sum
428 1523 616 1569 peccator.
659 1518 739 1568 Ego
759 1523 888 1556 autem
916 1517 1053 1556 iterum
1076 1516 1152 1555 dixi
1182 1517 1233 1555 ei:
1265 1517 1386 1556 Crede
1415 1516 1479 1564 fili,
1510 1517 1599 1567 quia
1618 1516 1728 1556 sicuti

311 1578 433 1617 multa
462 1582 553 1616 sunt
579 1582 617 1617 et
645 1578 797 1616 diuersa
825 1577 999 1625 uulnera,
1030 1577 1084 1615 sic
1104 1582 1195 1615 sunt
1223 1582 1260 1615 et
1288 1577 1411 1615 multa
1430 1576 1583 1615 diuersa
1611 1576 1730 1616 medi-

311 1636 475 1676 camina.
532 1637 609 1676 Sed
637 1637 669 1676 si
697 1637 757 1676 uis
786 1636 1023 1676 curationem
1043 1635 1249 1686 percipere,
1279 1636 1338 1674 dic
1357 1635 1473 1674 michi
1502 1635 1540 1674 in
1570 1636 1730 1675 ueritate

311 1701 419 1736 actus
448 1701 546 1743 tuos,
586 1701 622 1735 et
651 1710 719 1747 ego
749 1696 1019 1735 conuenientia
1048 1695 1115 1733 tibi
1150 1708 1310 1745 possum
1343 1695 1526 1734 adhibere
1567 1695 1730 1734 medica-

232 1758 281 1795 ⁶25
311 1756 429 1796 mina.
485 1756 606 1795 Aliter
634 1756 738 1795 enim
768 1761 923 1795 curatur
951 1755 1169 1801 fornicator,
1201 1754 1309 1793 aliter
1337 1754 1530 1793 homicida
1559 1760 1595 1793 et
1623 1754 1730 1794 aliter

184 1822 213 1855 K
228 1822 294 1856 135
311 1815 521 1862 maleficus,
551 1816 660 1854 aliter
679 1828 772 1854 uero
792 1828 945 1864 auarus,
967 1812 982 1865 ΙΙ
1002 1815 1109 1853 aliter
1137 1814 1263 1861 fallax,
1293 1814 1402 1852 aliter
1425 1814 1592 1860 odiosus,
1622 1814 1730 1853 aliter

313 1875 372 1913 fur
401 1880 437 1914 et
455 1875 563 1914 aliter
583 1875 741 1913 adulter.
781 1875 857 1913 Sed
877 1879 918 1913 ut
947 1874 1071 1913 dicam
1092 1872 1159 1912 tibi
1180 1872 1311 1912 omnia
1330 1872 1428 1912 uicia
1448 1886 1514 1924 per
1535 1872 1729 1913 ordinem:

312 1933 409 1973 sicut
437 1940 528 1973 sunt
556 1934 707 1973 diuerse
735 1933 1000 1972 infirmitates*
1030 1945 1247 1983 corporum,
1287 1932 1337 1971 ita
1366 1932 1519 1971 diuersa
1552 1932 1730 1972 uidemus

200 2000 285 2034 Τ66
312 2006 395 2032 esse
425 1999 460 2032 et
489 1993 732 2032 curationum
762 1993 1053 2032 medillcamina.
1111 1991 1174 2030 Sic
1209 1997 1245 2030 et
1274 1991 1473 2042 passiones
1509 1992 1728 2030 animarum

232 2055 284 2092 30
311 2053 417 2092 aliter
455 2058 492 2092 et
533 2053 640 2092 aliter
683 2066 772 2092 cum
811 2052 900 2099 sint,
945 2057 1045 2091 certe
1085 2051 1192 2090 aliter
1229 2052 1375 2090 habent
1411 2057 1446 2090 et
1487 2051 1728 2090 curationum

312 2125 464 2162 genera.

421 2236 463 2269 12
482 2235 683 2279 appellatur
700 2236 775 2269 ΕΚ
822 2234 1037 2278 Gygantium
1054 2235 1128 2268 ΕΚ
1179 2235 1222 2268 13
1249 2233 1390 2268 dicebat
1406 2233 1492 2276 aut.]
1518 2233 1639 2268 dicens
1657 2234 1732 2267 ΕΚ

313 2288 466 2332 tempus]
495 2292 533 2330 -l-
562 2289 662 2322 uenit
688 2289 763 2322 EK
824 2288 866 2321 14
901 2287 1035 2331 recepit
1060 2286 1109 2321 13¹
1174 2288 1216 2321 15
1250 2298 1336 2321 vero
1370 2287 1437 2321 hec
1463 2287 1536 2320 ΕΚ
1599 2287 1639 2320 17
1676 2287 1730 2320 111-

313 2342 422 2376 disset
454 2341 502 2375 Τ1
564 2342 606 2375 18
632 2341 681 2375 fili
708 2342 784 2376 ΕΚ
841 2342 882 2375 19
907 2340 1057 2383 tantam]
1088 2343 1126 2381 —l-
1155 2339 1285 2374 uenisti
1312 2341 1384 2374 ΕΚ
1443 2340 1489 2374 20
1514 2339 1639 2374 iuuare
1664 2340 1735 2374 BT

314 2396 353 2429 :21
382 2395 443 2437 fili]
472 2395 579 2428 michi
598 2396 673 2428 ΕΚ
719 2393 824 2429 sicuti
841 2398 926 2428 sunt
942 2395 1014 2428 BT
1067 2394 1111 2427 2⁶2
1131 2393 1221 2428 sicut
1235 2414 1279 2419 —
1294 2393 1435 2428 diuersa
1453 2395 1537 2427 sunt
1554 2393 1627 2427 ΕΚ
1680 2393 1731 2427 sic

312 2448 426 2482 multa
436 2451 469 2482 et
483 2448 554 2482 diu.
570 2451 653 2482 sunt
668 2449 741 2482 ΕΚ
788 2447 1050 2482 medicamenta
1063 2448 1136 2481 BT
1179 2447 1225 2480 24
1237 2447 1328 2490 tuos]
1343 2448 1382 2487 -l-
1402 2449 1441 2480 ut
1455 2465 1499 2472 —-
1514 2445 1645 2489 possim
1659 2447 1732 2480 ΕΚ

313 2501 495 2544 adhibere]
536 2504 575 2541 -ξ-
616 2500 679 2534 tibi
713 2502 753 2535 Κ
811 2500 1075 2535 medicamenta
1112 2501 1187 2534 ΕΚ
1246 2500 1288 2534 27
1329 2499 1375 2542 et]
1412 2510 1463 2533 om
1503 2499 1544 2533 K
1600 2498 1653 2542 ut]
1688 2502 1727 2540 -ξ-

315 2554 436 2588 omnia
459 2555 534 2588 ΕΚ
590 2554 635 2588 28
660 2553 753 2588 sicut
777 2554 873 2588 enim
899 2565 995 2598 corp.
1020 2553 1082 2588 ins.
1106 2553 1176 2587 diu.
1203 2557 1285 2587 sunt
1311 2553 1383 2586 ΕΚ
1446 2552 1491 2585 <29
1524 2550 1587 2596 et¹]
1612 2563 1664 2585 om
1693 2553 1734 2586 K

313 2607 415 2642 aliter
441 2628 484 2633 -—
511 2607 760 2649 medicamina]
790 2609 849 2641 Bm
899 2607 961 2650 sic]
987 2608 1026 2648 -1-
1058 2606 1152 2641 enim
1180 2607 1252 2639 ΕΚ
