1834 2967
226 502 249 538 ΕΠ

205 795 252 833 10

154 976 177 1010 S
192 977 257 1010 60v

137 1389 164 1422 Ε
177 1389 264 1423 134v

139 1685 266 1720 Ιζ116ν

202 1976 253 2013 30

204 2273 254 2309 35

857 141 1113 178 -13-

279 263 410 302 nauim
442 269 478 302 et
507 268 691 313 ceperunt
720 263 947 312 quantocius
984 262 1166 312 nauigare
1194 264 1242 301 ad
1277 268 1429 301 terram.
1485 263 1692 302 Venientes

279 327 408 362 autem
445 323 492 361 ad
530 321 688 369 aridam,
729 322 855 360 subito
890 334 990 360 naue
1028 327 1180 360 uersata
1218 322 1413 371 perierunt
1451 321 1580 360 omnia
1618 335 1691 371 que

280 386 546 420 remanserant
574 380 615 419 in
643 394 700 420 ea.
756 380 824 419 Dei
851 385 980 419 autern
1009 381 1250 431 prouidentia
1277 380 1414 419 saluati
1444 386 1534 419 sunt
1557 394 1691 420 omnes

281 447 396 479 naute
437 440 551 479 simul
589 453 678 479 cum
715 440 933 487 Theodoro,
970 439 1111 490 gratias
1153 445 1309 490 agentes
1337 440 1418 478 Deo
1459 452 1529 490 pro
1571 440 1693 478 salute

279 499 496 538 animarum
525 513 695 538 suarum.

386 559 614 597 Theodorus
628 563 756 597 autem
776 558 874 608 cepit
892 557 1092 597 lamentari
1114 558 1258 596 fortiter
1277 563 1313 596 et
1333 558 1518 608 plorando
1547 557 1691 596 dicere:

280 617 366 656 Heu
395 630 477 664 me,
522 617 599 656 heu
637 617 752 655 michi
795 617 936 655 misero
972 622 1009 655 et
1046 617 1235 667 peccatori
1276 616 1316 654 in
1353 616 1691 667 periclitationibus

280 677 520 723 constitutus,
561 689 636 725 quo
674 675 738 714 ibo
776 676 838 714 uel
876 689 951 725 quo
989 677 1131 726 fugiam
1171 676 1311 714 nescio.
1369 677 1507 714 Factus
1536 689 1623 714 sum
1651 675 1691 714 in

280 736 449 774 derisum
485 741 527 774 et
561 735 640 773 Deo
678 741 714 773 et
742 734 978 773 hominibus.
1037 735 1077 773 Si
1104 736 1153 774 ad
1187 735 1332 774 amicos
1360 735 1513 781 uadam,
1551 735 1692 784 obpro-

281 795 407 833 brium
449 795 570 833 factus
613 807 698 832 sum
738 794 803 832 cis.
861 793 900 832 Si
939 795 988 832 ad
1023 794 1306 832 benefactorem
1345 807 1476 832 meum
1513 806 1692 832 reuersus

280 854 399 902 fuero,
442 853 531 903 quid
566 853 618 891 illi
647 853 796 892 dicam?
850 853 964 900 Quali
1001 852 1110 891 uultu
1151 866 1240 891 eum
1277 853 1485 903 aspiciam?
1540 851 1692 891 Perdidi

280 912 383 951 enim
411 913 637 950 thesaurum
667 913 758 950 eius.
816 912 1020 959 Quomodo
1049 925 1202 961 quoque
1230 912 1363 950 astabo
1402 912 1442 950 in
1470 912 1532 950 illo
1567 924 1693 950 sacra·

279 971 426 1010 tissimo
467 972 563 1018 loco,
605 971 671 1009 ubi
712 970 962 1009 dominatoris
999 971 1074 1009 mei
1095 969 1109 1021 ΙΙ
1130 971 1366 1021 inmaginem
1395 970 1480 1009 dedi
1509 983 1577 1021 pro
1606 983 1692 1008 mea

280 1030 512 1081 sponsione?
568 1030 668 1077 Quid
709 1029 845 1068 faciam
886 1029 1022 1076 miser,
1064 1030 1206 1070 nescio.
1277 1030 1364 1077 Quo
1406 1030 1566 1075 uadam,
1609 1043 1690 1067 om-

280 1090 372 1128 nino
401 1089 517 1127 michi
553 1091 669 1127 deest.
727 1088 808 1127 Hec
849 1093 886 1127 et
926 1088 987 1126 his
1030 1088 1166 1127 similia
1203 1102 1290 1127 cum
1329 1089 1515 1138 plorando
1551 1088 1691 1127 diceret

279 1149 518 1194 Theodorus,
558 1148 671 1186 etiam
701 1152 816 1186 naute
853 1147 1129 1197 compatientes
1167 1153 1350 1198 ceperunt
1387 1148 1477 1186 flere
1513 1160 1601 1186 cum
1631 1161 1688 1186 eo.

279 1208 371 1246 Post
398 1208 470 1246 hec
499 1212 627 1245 autem
657 1206 1006 1256 tranquillitate
1034 1208 1175 1252 facta,
1204 1220 1340 1245 omnes
1369 1206 1601 1245 unanimiter
1629 1208 1691 1245 de-

279 1271 482 1314 certantes,
503 1267 718 1304 eduxerunt
732 1278 874 1304 nauem
893 1279 1056 1304 uacuam
1078 1266 1116 1304 in
1137 1266 1293 1305 siccum.
1336 1266 1381 1303 Et
1400 1265 1465 1304 uix
1485 1266 1692 1315 quomodo-

280 1338 444 1375 cumque
460 1338 543 1364 eam
561 1324 823 1371 resarcienteS,
850 1324 1076 1375 nauigantes
1098 1329 1291 1363 uenerunt
1307 1324 1692 1375 Constantinopolim.

385 1384 557 1422 Audiens
609 1389 737 1422 autem
789 1383 997 1422 Abramius
1045 1397 1118 1434 que
1169 1384 1430 1434 contigettrant
1476 1384 1692 1431 Theodoro,

279 1443 384 1482 uenit
413 1444 460 1482 ad
489 1444 647 1481 domum
677 1443 758 1481 eius
788 1448 824 1481 et
852 1443 999 1481 inuenit
1028 1456 1117 1481 eum
1143 1442 1258 1481 nimis
1296 1443 1492 1492 afflictum,
1520 1442 1692 1481 uestibus

280 1502 422 1549 scissis,
465 1502 505 1541 in
548 1507 648 1541 terra
676 1507 922 1552 prostratum⁷
961 1502 1178 1541 trahentem
1207 1502 1362 1552 capillos
1396 1502 1529 1553 capitis
1567 1501 1626 1540 sui
1655 1507 1692 1541 et

279 1562 444 1600 humum
470 1561 638 1600 lacrimis
667 1561 983 1600 madefacientem
1013 1567 1049 1600 et
1077 1561 1128 1600 ita
1157 1562 1316 1600 omnino
1345 1561 1617 1612 angustiatum,
1651 1565 1692 1599 ut

281 1634 416 1659 omnes
446 1620 510 1670 qui
535 1621 694 1659 aderant
722 1633 788 1671 pre
808 1620 927 1659 nimia
946 1620 1214 1671 compassione
1243 1626 1279 1659 et
1298 1621 1368 1671 ipsi
1388 1620 1692 1661 lacrimarentur.

280 1681 365 1731 Ipse
384 1685 512 1718 autem
532 1680 556 1717 h
571 1680 626 1718 eb
639 1693 752 1718 reus
773 1679 980 1718 Abramius
1000 1679 1291 1729 comt'patiendo
1310 1679 1477 1718 lacrimis
1492 1684 1528 1718 et
1542 1679 1691 1717 fletibus

282 1739 376 1786 eius,
407 1752 486 1777 non
516 1752 556 1777 se
585 1743 733 1788 poterat
761 1738 959 1777 continere
997 1753 1019 1777 a
1047 1738 1223 1778 lacrimis.
1280 1739 1450 1777 Accessit
1486 1744 1615 1778 autem
1645 1739 1693 1777 ad

281 1811 370 1836 eum
399 1802 435 1836 et
469 1798 712 1848 apprehensa
752 1810 872 1836 manu
901 1798 996 1844 eius,
1035 1799 1086 1836 ait
1120 1798 1188 1837 illi:
1231 1798 1365 1848 Surge.
1401 1798 1528 1844 frater,
1570 1803 1606 1836 et
1645 1798 1693 1836 da

281 1857 441 1908 gloriam
470 1857 550 1896 Deo
578 1862 656 1896 tuo.
713 1857 812 1905 Quid
851 1862 887 1896 te
916 1857 1119 1896 interficis÷³
1157 1858 1370 1907 plorando?
1427 1856 1523 1896 Veni
1561 1856 1687 1906 itaque

281 1918 329 1955 ad
373 1917 532 1955 domum
574 1930 714 1963 meam,
757 1922 792 1955 et
833 1916 990 1954 Domini
1030 1917 1209 1955 uoluntas
1251 1916 1326 1954 fiat.
1383 1916 1695 1955 Consolabantur

281 1982 404 2015 (tutem
435 1989 522 2014 eum
552 1981 588 2014 et
617 1977 776 2015 omnes&
804 1976 866 2014 alii
895 1975 1007 2014 amici
1037 1976 1129 2014 eius.

387 2035 478 2073 Post
498 2048 640 2085 paucos
660 2048 751 2074 uero
781 2034 861 2073 dies
882 2047 1092 2085 exsurgens
1113 2035 1340 2073 Theodorus
1361 2034 1439 2073 ibat
1468 2035 1516 2073 ad
1535 2035 1693 2073 domum

282 2093 466 2133 Abi-anni.
524 2094 622 2133 Cum
658 2100 786 2133 autem
823 2094 993 2133 uenisset
1031 2094 1078 2132 ad
1116 2093 1199 2132 illas
1235 2093 1312 2132 iarn
1351 2106 1440 2144 sepe
1477 2093 1596 2132 dictas
1633 2106 1694 2132 co·

283 2153 463 2202 lumpnas
501 2158 537 2191 et
575 2154 704 2192 oculos
739 2166 817 2192 non
857 2158 983 2203 posset
1019 2166 1086 2202 pre
1121 2153 1344 2191 confusione
1373 2153 1420 2191 ad
1457 2152 1688 2191 dominicam

284 2211 519 2261 inmaginem
541 2213 679 2259 leuare,
709 2226 826 2262 quam
847 2213 1002 2251 dederat
1022 2212 1229 2250 Abrami0⁴÷
1249 2211 1518 2262 antiphonitin‚
1549 2212 1692 2250 cadens

283 2271 320 2308 in
352 2271 478 2309 satiem
507 2276 543 2309 ct
570 2272 737 2310 lacrimis
774 2277 913 2310 terram
943 2271 1207 2311 madefatiens.
1237 2273 1284 2310 ad
1313 2271 1439 2321 ipsum
1471 2271 1618 2309 Deum
1646 2274 1694 2309 et

283 2329 484 2368 dominum
506 2336 680 2368 nostrum
700 2331 853 2370 Ihesuin
872 2330 1069 2369 Christum
1090 2331 1245 2369 silenter
1265 2330 1578 2381 deprecacionem
1594 2329 1690 2368 fecit.

394 2419 405 2451 1
443 2418 667 2461 quamtocius
700 2420 727 2451 S
762 2420 932 2462 (swalna)
994 2420 1015 2452 2
1041 2430 1145 2453 uersa
1171 2420 1199 2453 S
1255 2420 1296 2452 10
1330 2419 1430 2453 suero
1462 2429 1625 2452 reuersus
1651 2418 1692 2452 Κ

287 2472 327 2505 16
353 2471 610 2515 compatienter
627 2472 669 2511 S;
695 2482 777 2505 cum
804 2483 845 2505 eo
873 2472 956 2506 ssere
974 2473 1014 2506 K
1053 2473 1099 2505 20
1124 2472 1373 2516 contingerant
1391 2472 1430 2505 Κ
1468 2472 1513 2505 23
1531 2471 1690 2513 omnino]

284 2524 390 2558 nimis
427 2525 499 2558 ΕΚ
546 2525 590 2558 ‘25
625 2524 757 2565 autem]
794 2536 936 2568 quoquc
972 2527 1060 2565 EK;
1096 2525 1304 2560 habramius
1341 2526 1379 2559 Κ
1426 2526 1470 2559 20
1495 2527 1565 2569 pot.
1591 2535 1627 2558 se
1655 2525 1694 2558 Κ

284 2578 328 2611 29
355 2578 410 2620 ad]
439 2577 474 2611 in
502 2578 541 2611 Κ
599 2578 643 2611 32
671 2577 746 2611 illas
777 2579 845 2617 K⁸;
874 2579 968 2622 sepe]
996 2590 1102 2623 supra
1131 2580 1159 2613 S
1214 2590 1296 2623 sepe
1322 2579 1392 2614 iam
1419 2580 1459 2613 Κ
1512 2579 1556 2611 35
1582 2578 1690 2612 deum

285 2634 318 2665 et
344 2633 396 2665 1ιέ
442 2632 486 2664 :36
513 2631 688 2674 nostrum]
713 2642 765 2664 om
796 2633 822 2661 s
