1834 2967
210 235 321 274 Tunc
336 235 581 274 beatissimus
602 241 716 284 atque
730 235 808 273 Deo
829 241 1005 285 acceptus
1026 248 1123 286 papa
1136 235 1213 274 Leo
1229 236 1279 274 ait
1295 241 1427 275 sancto
1442 236 1514 274 Eu-

101 294 202 343 logio
223 307 335 344 pape:
367 294 478 333 Scitis
499 293 513 344 ΙΙ
535 307 602 344 pro
633 307 708 344 quo
737 294 814 332 huc
843 295 931 332 ueni
962 295 1009 333 ad
1038 298 1134 333 uos?
1177 295 1250 342 Qui
1277 296 1514 345 respondens
1529 302 1656 336 K145v

103 352 171 391 ait:
192 353 291 392 Non.
335 352 436 391 Dixit
457 358 585 391 autem
605 353 655 391 ei:
678 353 773 391 Veni
793 353 932 402 gratias
952 366 1063 402 agere
1082 353 1193 391 uobis
1215 354 1398 402 quoniam
1417 354 1515 393 bene

105 417 141 450 et
168 412 371 462 magnifice
399 412 649 462 respondistis
678 417 832 462 propter
861 411 1060 461 epistolam
1087 425 1215 450 meum
1245 426 1361 461 quam
1381 413 1514 463 scripsi

103 472 150 509 ad
166 470 321 509 fratrem
334 477 512 509 nostrum
525 470 752 509 Flabianum
767 469 1021 520 patriarcham
1033 470 1514 520 Constantinopolitanum,
1571 476 1594 512 5

103 542 230 568 meam
259 535 387 568 autem
414 530 655 568 uoluntatem
682 529 971 567 manifestantes
1007 534 1043 567 et
1070 529 1329 568 hereticorum
1358 543 1424 568 ora
1453 531 1515 568 ob-

104 593 308 627 struentes.
338 588 444 627 Scias
458 588 597 637 itaque,
613 588 738 634 frater,
756 587 842 637 quia
855 600 935 625 non
952 588 1194 626 solummodo
1207 587 1324 626 michi
1340 588 1515 626 diuinum

104 647 273 686 donastis
291 648 463 686 laborem
481 652 668 694 uestrum,
697 659 835 685 uerum
864 646 983 685 eciam
1011 652 1045 685 et
1073 646 1234 696 principi
1255 648 1515 697 apostolorum

103 706 217 745 Petro
246 711 281 744 et
309 711 398 744 ante
426 705 556 744 omnia
574 704 645 755 ipsi
665 705 815 744 ueritati
836 719 909 754 que
938 719 960 744 a
982 705 1094 744 nobis
1114 707 1191 744 est*
1211 706 1412 756 predicata,
1442 719 1516 755 que

105 770 161 804 est
191 764 365 804 Christus
394 763 581 802 Dominus
611 769 647 803 et
676 764 778 803 Deus
807 770 949 805 noster.
1324 792 1329 798 ,
1549 769 1595 805 10

213 824 297 862 Hoc
326 828 455 862 autem
476 836 555 861 non
577 823 702 862 solum
723 824 840 861 semel
870 829 906 861 et
935 823 1004 870 bis,
1035 824 1102 862 sed
1123 823 1237 862 etiam
1257 823 1373 862 tercio
1394 822 1408 874 ΙΙ
1429 837 1518 862 cum
1535 832 1557 865 S
1573 834 1638 867 78v

104 883 289 921 uidissem
318 887 354 920 et
388 882 488 921 trine
515 881 656 920 uisioni
701 882 816 920 fidem
856 883 1060 928 dedissem,
1100 887 1191 921 tunc
1229 882 1408 921 narltraui
1446 882 1639 927 hecE163

105 946 237 980 sancto
267 954 363 992 pape
390 941 561 991 Eulogio.
618 941 730 988 Quod
767 946 810 979 ut
847 941 1005 988 audiuit,
1033 941 1254 980 lacrimatus
1291 947 1348 980 est
1381 947 1417 981 et
1456 955 1516 980 ex-

105 1001 266 1039 tendens
294 1013 434 1039 manus
464 1001 512 1039 ad
541 999 666 1039 celum
703 1000 843 1050 gratias
871 1001 944 1050 egit
972 1000 1051 1039 Deo
1081 1000 1232 1040 dicensz
1272 1000 1400 1039 Gloria
1435 1000 1514 1048 tibi,

105 1059 255 1098 Christe
284 1059 387 1098 Deus
418 1064 560 1106 noster,
598 1059 687 1108 quja
723 1059 904 1109 indignus
934 1072 1023 1098 cum
1060 1061 1133 1098 sim
1162 1059 1340 1109 dignatus
1376 1073 1416 1098 es
1453 1073 1516 1098 me
1548 1065 1594 1101 15

104 1118 380 1169 predicatorem
421 1124 483 1157 tue
524 1118 694 1157 ueritatis
737 1119 817 1157 fieri
864 1123 900 1157 et
948 1119 1037 1168 quia
1083 1132 1150 1169 per
1201 1119 1517 1157 intercessionem

104 1178 337 1217 famulorum
366 1183 521 1216 tuorum
550 1178 652 1216 Petri
689 1183 725 1216 et
752 1177 904 1224 Leonis,
941 1177 1050 1216 sicuti
1088 1177 1203 1216 uidue
1242 1179 1316 1216 duo
1354 1177 1514 1225 minuta,

106 1237 156 1276 ita
185 1243 221 1275 et
250 1250 415 1287 paruum
443 1242 621 1275 nostrum
649 1242 843 1275 certamen
873 1242 938 1276 tua
966 1236 1182 1286 benignitas
1211 1236 1364 1287 recepit.

430 1360 506 1402 24.
546 1359 674 1402 Item
709 1359 770 1402 de
807 1361 978 1402 sancto
1013 1359 1193 1401 Leone.

104 1448 317 1536 Narrauit
358 1449 471 1488 nobis
506 1449 648 1488 abbas*
676 1450 839 1488 Mennas
881 1449 1010 1488 dicens
1051 1449 1235 1498 quoniam
1277 1449 1447 1488 audierat
1494 1463 1515 1487 a
1544 1450 1595 1487 20

200 1514 332 1546 sancto
361 1521 458 1558 papa
486 1507 644 1558 Eulogio
673 1507 834 1555 dicente,
873 1508 962 1558 quia
990 1509 1221 1547 ascendente
1249 1521 1311 1547 me
1348 1508 1388 1546 in
1418 1508 1514 1547 Con-

105 1567 395 1618 stantinopolim
424 1580 492 1617 pro
512 1567 672 1606 utilitate
692 1567 829 1616 aliqua,
858 1567 1009 1606 locutus
1030 1581 1118 1606 sum
1138 1581 1226 1606 cum
1246 1566 1515 1606 archidiacono

104 1626 280 1664 Romane
309 1625 465 1665 ecclesie
500 1626 656 1665 domino
686 1626 866 1676 Gregorio
906 1626 989 1665 uiro
1018 1626 1204 1676 religioso.
1262 1626 1305 1664 Et
1345 1626 1516 1666 narrauit

104 1685 221 1724 michi
250 1686 296 1724 de
324 1691 454 1724 saneto
483 1692 516 1724 et
545 1685 656 1724 beato
677 1686 805 1724 Leone
825 1699 923 1735 papa
945 1685 1136 1732 Romano,
1167 1684 1350 1735 quoniam
1369 1684 1514 1723 inueni-

105 1750 166 1782 tur
194 1744 233 1782 in
263 1744 523 1783 ecclesiasticis
559 1744 756 1794 scripturis
785 1745 961 1783 Romane
1000 1744 1156 1783 ecclesie
1193 1743 1388 1794 scriptum,
1427 1745 1514 1793 quia
1543 1745 1593 1783 25

105 1816 194 1841 cum
231 1803 443 1854 scripsisset
481 1803 680 1854 epistolam
717 1804 764 1842 ad
802 1803 1029 1842 Flabianum
1069 1803 1290 1853 episcopum
1328 1803 1513 1841 Constan-

106 1861 398 1912 tinopolitanum
432 1864 618 1902 aduersus
647 1863 798 1912 iniquos
826 1862 1016 1901 Euticium
1054 1868 1089 1901 et
1117 1861 1350 1909 Nestorium,
1388 1863 1514 1912 posuit

106 1935 190 1960 eam
211 1935 326 1972 supra
340 1923 586 1972 sepulchrum
600 1921 699 1960 beati
715 1921 817 1960 Petri
837 1921 996 1971 apostoli
1018 1926 1054 1959 et
1070 1920 1319 1968 orationibus,
1348 1920 1515 1959 ieiuniis-

106 1995 174 2031 (με
202 1995 246 2019 ac
283 1983 428 2032 uigiliis
465 1995 546 2020 cum
576 1981 908 2031 genuflexionibus
946 1993 1088 2019 uacans
1130 1985 1240 2018 nocte
1279 1985 1315 2018 et
1351 1979 1411 2018 die
1454 1981 1514 2019 de-

106 2044 281 2089 precatus
328 2045 385 2078 est
431 2046 694 2090 preceptorem
732 2040 992 2090 apostolorum
1039 2038 1187 2078 dicens:
1238 2039 1430 2088 Quidquid
1474 2044 1515 2077 ut
1543 2042 1594 2079 30

105 2099 223 2137 homo
252 2099 431 2149 deceptus
452 2112 551 2147 sum,
583 2105 621 2138 tu
643 2099 751 2137 sicuti
780 2099 840 2137 cui
870 2099 1026 2137 ecclesia
1047 2098 1187 2136 credita
1217 2103 1273 2136 est
1295 2103 1331 2137 et
1359 2103 1515 2136 tronum

106 2172 128 2196 a
156 2158 321 2196 Domino
350 2158 429 2196 Deo
457 2165 491 2197 et
520 2159 707 2197 salvatore
736 2164 869 2197 nostro
897 2158 1011 2196 Ihesu
1032 2157 1184 2196 Christo
1214 2157 1412 2208 corrigere.
1470 2158 1515 2196 Et

106 2222 192 2267 post
221 2216 300 2255 dies
329 2217 579 2266 quadraginta
608 2217 732 2256 oranti
760 2217 811 2256 illi
832 2216 846 2267 Η
868 2217 1062 2267 apostolus
1083 2216 1219 2255 Petrus
1248 2216 1299 2255 ait
1327 2217 1395 2255 illi:
1425 2216 1513 2266 Legi
1534 2222 1637 2256 K146

106 2281 142 2315 et
171 2276 383 2315 emendaui.
440 2277 485 2315 Et
514 2290 602 2315 cum
628 2277 792 2316 leuasset
821 2277 1019 2326 epistolam
1048 2276 1094 2314 de
1123 2276 1338 2326 sepulchro,
1368 2275 1515 2326 aperuit

107 2341 143 2373 et
171 2335 319 2374 inuenit
347 2348 432 2374 eam
459 2336 639 2375 manibus
667 2336 828 2386 apostoli
857 2341 1067 2374 correctam
1095 2340 1131 2373 et
1161 2336 1414 2374 emendatam.
1542 2336 1592 2373 35

212 2418 232 2451 2
259 2417 441 2461 respondit
465 2418 546 2452 EK
603 2419 624 2452 8
651 2419 732 2452 don.
758 2418 828 2453 diu.
847 2419 889 2453 K
947 2419 990 2452 10
1016 2417 1188 2460 Christus]
1219 2419 1258 2459 -1-
1286 2417 1413 2451 Jhesus
1439 2417 1519 2451 ΕΚ

110 2470 148 2504 11
177 2481 250 2504 non
277 2471 387 2505 semel
412 2471 474 2504 sed
499 2470 554 2504 bis
580 2474 614 2505 et
637 2472 719 2506 ΕΚ
766 2472 807 2505 12
833 2472 901 2505 hoc
927 2471 1008 2505 ΕΚ
1063 2471 1105 2504 14
1131 2471 1196 2505 deo
1223 2471 1293 2513 egit
1319 2471 1359 2505 K
1411 2471 1456 2503 ⁶28
1482 2474 1514 2503 et

105 2522 248 2557 ieiuniis
273 2524 316 2558 K
361 2525 405 2557 *29
432 2527 466 2558 et
492 2524 620 2566 genuss.
640 2525 718 2560 ΕΚ
764 2525 808 2567 et]
836 2535 875 2558 ac
893 2524 972 2558 EK
1020 2525 1059 2557 31
1089 2524 1268 2567 deceptus]
1289 2524 1422 2558 fallitus
1440 2522 1519 2557 ΕΚ

106 2577 277 2611 trhonum
303 2578 356 2617 K;
383 2578 553 2611 thronum
571 2578 611 2612 Ε
665 2579 708 2611 39.
736 2578 871 2621 corrige
898 2576 998 2611 δ”-’ΚΖ
1050 2577 1094 2611 3ἰ3
1119 2576 1197 2619 illi2]
1217 2578 1248 2611 ei
1263 2578 1343 2612 ΕΚ
1395 2576 1439 2610 34
1464 2586 1514 2610 se-

107 2630 255 2674 pulcrho
282 2631 323 2665 K
347 2632 510 2674 (sepius).
