1834 2967
828 99 1118 136 —106—

269 220 450 267 audieris,
490 234 580 259 cum
617 226 725 272 spata
761 221 835 260 ista
863 220 1077 271 percutiam
1104 225 1152 259 te.
1209 221 1277 259 Illa
1317 233 1412 258 uero
1453 219 1505 259 ait
1544 219 1596 258 ei:
1640 219 1682 258 Si

269 279 479 330 oportuerit
506 293 570 318 me
588 280 836 319 membratim
865 279 1026 325 concidi,
1054 280 1130 318 hoc
1149 279 1361 318 execrabile
1388 278 1539 317 facinus
1567 292 1679 317 num·

269 352 387 388 quam
429 339 578 377 faciam.
635 340 681 377 Et
722 339 843 378 iratus
887 352 977 377 cum
1018 338 1147 376 furore
1189 337 1325 381 nimio.
1368 337 1513 376 dimisit
1555 337 1682 376 subito

269 403 419 448 spatam
459 397 755 436 condominatus
797 412 819 437 a
859 398 1012 436 diabolo
1059 403 1096 436 et
1137 396 1327 447 percussit
1369 397 1537 447 puellam
1576 396 1684 435 iuxta

268 458 452 496 humeros
493 457 577 496 eius
618 463 654 496 et
697 457 828 496 diuisit
871 470 968 496 eam.
1025 457 1071 495 Et
1109 456 1294 495 continuo
1337 456 1534 495 excecauit
1574 455 1684 494 illum

268 517 394 561 Deus:
424 522 460 555 et
480 516 670 555 circuiens
691 518 852 555 domum
872 517 1056 566 querebat
1074 515 1261 561 hostium,
1282 521 1319 554 et
1345 528 1424 554 non
1445 515 1682 553 inueniebat.

377 576 574 614 Venerunt
594 582 724 614 autem
743 576 807 614 alii
835 575 1044 626 piscatores
1066 580 1268 625 querentes
1298 574 1494 613 iuuenem.
1534 574 1684 612 Aurora

269 634 374 673 enim
407 637 486 673 iam
521 640 612 673 erat.
668 636 712 674 Et
750 634 908 674 mittens
943 634 998 673 eis
1032 647 1182 680 uocem,
1222 633 1420 684 respondit
1457 638 1565 683 pater
1602 633 1684 671 eius

269 693 418 732 dicens:
447 693 521 732 Iuit
549 695 596 732 ad
632 693 873 744 piscandum.
931 693 1004 732 Vbi
1042 699 1098 732 est
1132 706 1226 732 uero
1264 692 1446 740 bostium,
1487 691 1577 742 quia
1605 705 1684 730 non

193 753 241 790 10
269 752 406 791 uideo?
463 752 538 800 Qui
572 753 752 791 dixerunt
787 752 839 791 ei:
879 753 975 791 Ecce
1002 752 1066 791 hic
1095 758 1164 791 est.
1221 751 1449 803 Aperientes
1484 756 1615 790 autem
1650 755 1686 789 et

270 811 458 850 intrantes
497 811 679 850 uiderunt
716 811 866 850 facinus
905 812 1008 861 quod
1046 812 1191 850 factum
1226 811 1360 849 fuerat.
1416 811 1462 849 Et
1505 810 1557 849 ait
1593 809 1684 848 illis:

270 871 415 909 Tenete
444 875 479 909 et
509 870 645 909 tradite
671 884 747 917 me,
778 870 965 920 quoniam
983 869 1238 909 homicidium
1264 869 1347 908 feci.
1390 870 1436 908 Et
1456 868 1686 920 accipientes

271 943 361 968 eum
403 929 643 968 tradiderunt
677 929 842 980 principi
883 928 1061 967 ciuitatis.
1116 929 1162 967 Et
1197 929 1375 979 princeps
1416 928 1622 978 exquirens
1652 933 1688 966 et

271 1002 507 1038 cognoscens
537 1001 694 1027 omnem
722 988 925 1027 ueritatem
954 988 1170 1027 secundum
1198 989 1321 1038 legem
1349 987 1576 1026 examinans
1597 1000 1688 1026 eum

195 1048 241 1086 15
270 1047 402 1086 multis
432 1047 634 1086 tormentis
664 1047 799 1086 affecit.

377 1107 469 1145 Post
498 1107 570 1145 hec
597 1112 727 1145 autem
755 1106 807 1145 ait
836 1119 955 1144 senex
984 1105 1172 1156 discipulo
1201 1119 1290 1144 suo:
1320 1106 1464 1144 Eamus
1494 1110 1530 1144 et
1558 1104 1686 1144 uidea-

270 1179 359 1204 mus
388 1167 553 1205 cadauer
573 1167 709 1216 puelle.
753 1166 798 1204 Et
818 1166 1021 1204 uenientes
1049 1165 1089 1203 in
1121 1171 1253 1204 octavo
1274 1164 1422 1203 decimo
1442 1164 1687 1211 Alexandrie,

271 1225 476 1264 audierunt
504 1232 631 1276 patres
662 1227 876 1264 aduentum
904 1225 1008 1264 senis
1038 1231 1073 1263 et
1103 1225 1282 1263 exierunt
1310 1224 1468 1263 obuiam
1496 1224 1541 1263 ei.
1599 1224 1688 1262 Erat

271 1285 376 1324 enim
403 1285 688 1324 famosissimus
709 1298 828 1323 senex
857 1284 931 1323 ille.
980 1285 1025 1323 Et
1054 1284 1106 1323 ait
1126 1284 1200 1323 illis
1230 1297 1366 1323 senex:
1398 1283 1523 1322 Facite
1553 1283 1688 1322 oratio-

193 1344 244 1382 QO
273 1358 375 1390 nem,
406 1350 532 1395 patres
562 1350 599 1383 et
618 1345 766 1383 fratres.
824 1344 869 1382 Et
899 1349 985 1394 post
1014 1343 1230 1382 orationem
1249 1342 1344 1381 dixit
1373 1342 1445 1382 eis:
1475 1342 1562 1380 Non
1584 1355 1690 1392 sepe-

270 1404 384 1442 lietur
413 1416 553 1454 corpus
583 1403 695 1442 istius
724 1403 848 1454 puelle
878 1403 952 1442 nisi
982 1416 1072 1441 cum
1100 1402 1271 1452 reliquiis
1300 1407 1465 1452 patrum.
1522 1401 1690 1449 Quidam

272 1470 401 1502 autem
444 1476 490 1501 ex
529 1463 584 1501 eis
623 1468 914 1502 murmurantes
958 1462 1136 1501 dicebant
1175 1462 1265 1512 quia
1300 1461 1473 1501 mulieris
1509 1459 1690 1510 reliquias

128 1526 255 1560 E177v
273 1521 441 1572 disponit
461 1521 475 1572 ΙΙ
497 1521 657 1572 sepelire
686 1535 776 1560 cum
804 1521 1030 1572 corporibus
1060 1527 1215 1572 patrum
1252 1526 1288 1559 et
1324 1520 1442 1559 huius
1480 1520 1688 1558 interfecte.

272 1582 317 1619 Et
357 1580 409 1620 ait
443 1581 516 1619 illis
555 1595 692 1620 senex:
735 1581 817 1620 Hec
854 1581 981 1631 puella
1018 1586 1140 1619 mater
1169 1593 1256 1619 mea
1293 1585 1328 1618 et
1356 1585 1486 1618 uestra
1515 1584 1589 1626 est;
1634 1583 1691 1617 est

194 1640 244 1678 25
274 1639 417 1679 etenim
446 1646 602 1691 propter
631 1640 846 1679 castitatem
873 1646 1026 1678 mortua
1056 1639 1193 1678 occisa.
1236 1640 1291 1677 Ex
1321 1644 1414 1677 tunc
1444 1638 1574 1676 nullus
1603 1650 1690 1676 con-

272 1699 413 1738 trarius
443 1699 514 1738 fuit
535 1699 692 1746 seniori,
723 1701 789 1738 sed
811 1699 1045 1749 sepelierunt
1061 1712 1147 1737 eam
1167 1711 1256 1737 cum
1276 1697 1501 1748 corporibus
1523 1702 1688 1748 patrum.

177 1763 256 1798 SSS
273 1759 319 1798 Et
348 1761 544 1798 sa1.lutans
565 1765 692 1809 patres
713 1764 749 1798 et
778 1759 925 1805 fratres⁷
957 1771 1137 1797 reuersus
1159 1764 1215 1796 est
1245 1770 1364 1796 senex
1385 1770 1476 1795 cum
1504 1756 1690 1806 discipulo

273 1832 345 1857 suo
374 1819 414 1857 in
446 1818 558 1857 Sithi.

380 1878 466 1916 Vna
493 1883 624 1916 autem
652 1877 803 1916 dierum
832 1876 990 1926 quidam
1018 1876 1133 1915 frater
1172 1875 1211 1915 in
1249 1877 1384 1914 eadem
1413 1875 1514 1914 Sithi
1551 1887 1691 1925 expug-

194 1937 246 1974 30
276 1942 389 1975 natus
418 1937 587 1987 grauiter
616 1950 638 1975 a
668 1936 805 1987 spiritu
834 1950 877 1974 ac
904 1938 1060 1975 demone
1089 1935 1353 1975 fornicationis
1382 1934 1490 1973 uenit
1529 1939 1564 1973 et
1595 1947 1691 1972 nun-

274 1995 383 2034 tiauit
412 1997 485 2035 hoc
522 1996 741 2046 supradicto
777 1995 933 2035 seniori.
992 1996 1038 2034 Et
1072 1995 1124 2034 ait
1153 2008 1290 2034 senex:
1330 1995 1435 2033 Vade
1474 1993 1514 2032 in
1554 1998 1691 2032 octauo

274 2055 422 2094 decimo
451 2055 683 2094 Alexandrie
712 2060 749 2094 et
776 2068 892 2094 mane
921 2055 962 2094 in
997 2054 1195 2105 cymiterio
1224 2059 1379 2105 patrum
1408 2058 1443 2092 et
1474 2052 1550 2092 dic:
1588 2052 1691 2090 Deus

150 2118 258 2152 Κ160
276 2114 514 2162 Thomaidis,
536 2113 551 2165 ΙΙ
572 2114 714 2154 adiuua
741 2128 804 2153 me
834 2120 869 2153 et
897 2114 1018 2153 libera
1051 2127 1114 2153 me
1151 2115 1196 2152 (19
1235 2113 1484 2163 temptatione
1519 2111 1591 2151 ista
1621 2111 1691 2150 for-

276 2172 478 2212 nicationis
509 2180 545 2213 et
574 2188 685 2225 spero
715 2174 752 2212 in
786 2174 865 2213 Deo
893 2173 983 2223 quia
1012 2172 1235 2212 liberaberis
1271 2187 1292 2211 a
1321 2171 1570 2222 temptatione
1607 2171 1690 2210 ista.

216 460 239 496 U!

381 2328 402 2361 3
429 2327 545 2361 sorore
564 2328 603 2361 K
650 2328 671 2361 ὃ
690 2326 821 2371 diuisit]
841 2325 974 2360 dimisit
989 2324 1042 2360 K¹
1092 2326 1112 2358 6
1130 2324 1343 2359 circumiens
1362 2322 1404 2359 S¹
1456 2324 1473 2357 7
1494 2326 1527 2357 et
1546 2322 1606 2357 alii
1620 2324 1695 2357 ΕΚ

275 2382 296 2415 8
323 2381 503 2415 mittentes
536 2380 567 2414 ei
593 2381 672 2415 ΕΚ
744 2381 782 2414 11
812 2380 937 2422 fuerat}
974 2383 1025 2413 est
1052 2380 1088 2412 Κ
1150 2379 1196 2420 91]
1234 2377 1294 2421 qui
1321 2378 1396 2411 ΕΚ
1472 2377 1510 2410 17
1538 2376 1690 2418 decimo]

278 2438 314 2475 ἐ19
346 2435 424 2469 loco
458 2435 537 2468 ΕΚ
601 2435 643 2467 19
679 2434 775 2468 enim
802 2435 863 2467 Em
925 2433 1062 2474 senex²l
1093 2434 1130 2471 -1-
1160 2432 1218 2465 1119
1250 2432 1325 2465 ΕΚ
1387 2431 1428 2464 21
1467 2440 1595 2474 corpus
1627 2430 1691 2463 Κ”Ι

275 2489 321 2522 24
352 2489 435 2532 quia
461 2490 513 2521 est
547 2488 618 2528 (om
652 2488 705 2527 K)
745 2497 794 2530 pr.
824 2490 908 2520 cast.
938 2486 1055 2520 occisa
1087 2488 1140 2525 1-1-
1170 2488 1221 2519 est
1255 2486 1307 2525 Κ)
1336 2485 1409 2518 ΕΚ
1472 2485 1516 2517 26
1552 2482 1628 2517 seni
1655 2483 1695 2516 K

278 2544 322 2574 :28
348 2541 497 2575 scithim
529 2542 578 2583 1⁴4
616 2540 773 2583 Scytbim
802 2541 837 2574 Κ
896 2541 940 2573 ’39
972 2538 1089 2582 Scytlii
1123 2540 1177 2576 Κ;
1216 2538 1305 2571 Sithi
1332 2538 1359 2571 S
1421 2547 1629 2581 expugnans
1667 2537 1695 2570 S

277 2596 317 2627 31
349 2593 409 2637 ait]
439 2596 475 2633 -1-
506 2593 555 2627 1111
582 2594 655 2627 ΕΚ
703 2594 747 2627 32)
774 2593 947 2627 cimiterio
975 2593 1051 2626 ΕΚ
1100 2592 1145 2625 214
1172 2591 1358 2634 temptioni
1388 2589 1462 2630 E²;
1496 2589 1605 2623 nibus
1635 2588 1691 2622 Ει
