1834 2967
674 105 963 142 *113—

110 227 212 275 Quia
245 241 324 266 non
362 229 480 267 semel
517 234 582 266 aut
617 228 686 274 bis,
727 229 794 267 sed
822 228 1042 267 multotiens
1076 229 1188 266 nobis
1227 228 1304 267 uim
1345 228 1441 275 secit,
1480 233 1520 267 ut

111 287 335 326 conueniret
373 287 588 326 nobiscum.
644 288 725 326 Hec
754 288 912 326 audiens
941 288 1154 338 prepositus
1190 301 1267 326 una
1295 301 1383 326 cum
1420 289 1519 326 clero

109 351 149 385 et
178 346 352 385 nesciens
381 347 454 385 hoc
483 346 657 385 demonis
691 360 775 385 esse
803 346 1002 393 astuciam,
1044 346 1146 384 misit
1175 346 1334 385 iuuenes
1363 352 1404 384 ut
1433 360 1519 385 cum

110 404 251 443 iniuria
280 406 445 444 eicerent
480 419 611 444 senem
641 419 664 444 a
699 406 782 444 loco
810 405 885 443 illo.
942 405 1085 443 Euntes
1123 410 1251 443 autem
1288 406 1447 444 iuuenes
1485 410 1521 444 et

107 464 278 515 :grauiter
320 477 408 502 eum
455 465 633 503 cedentes
680 464 957 514 fustigauerunt
1000 468 1036 501 et
1076 465 1271 502 trahentes
1309 465 1520 502 euellerunt
1575 468 1598 504 5

113 536 249 561 omnes
278 523 374 574 pilos
394 524 511 561 barbe
531 523 612 561 eius
626 528 662 561 et
682 525 872 561 trahe-ntes
892 523 1083 561 eiecerunt
1103 535 1191 560 eum
1211 536 1232 560 a
1248 523 1429 572 spelunca
1449 522 1464 572 ΙΙ
1485 528 1521 561 et
1538 531 1560 564 S
1579 530 1645 564 90v

106 582 292 620 cedentes
321 595 409 620 eum
438 581 582 619 fortiter
611 581 837 620 dimiserunt
866 581 904 619 in
935 583 1060 619 media
1087 581 1149 619 uia
1177 581 1420 619 semiuiuum.

218 640 481 679 Transeuntes
510 653 603 678 uero
633 640 786 689 quidam
822 653 868 678 ex
898 639 1010 678 uirito
1039 639 1272 678 inuenerunt
1309 640 1519 689 proiectum

109 698 151 737 in
181 700 244 738 uia
272 704 307 738 et
336 699 561 748 sanguinem
584 712 630 737 ex
659 698 778 749 plagis
798 699 942 737 fortiter
971 699 1248 737 decurrentem.
1289 698 1334 737 Et
1362 699 1519 737 interro-

108 759 255 808 gabant
295 771 382 796 eum
411 758 466 797 sic
504 759 746 796 reuoluentes
786 758 874 808 quid
912 758 945 796 ei
982 758 1170 796 acciderit.
1228 758 1355 797 Senex
1392 764 1519 796 autem
1552 764 1598 800 10

108 817 206 855 dixit
234 816 287 855 eis
317 830 390 866 que
418 830 554 867 passus
584 817 716 863 suerat,
747 817 862 855 simul
891 818 1100 867 deprecans
1129 830 1194 855 eos
1223 823 1265 855 ut
1291 817 1465 855 leuarent
1484 822 1520 855 et

112 877 338 914 reducerent
367 889 456 914 eum
485 875 549 914 ubi
579 875 702 926 primo
732 876 854 914 fuerat
881 875 921 914 in
950 876 1144 926 spelunca.
1201 875 1279 914 Viri
1298 889 1391 914 uero
1419 889 1519 914 com-

113 934 297 986 patientes
328 934 361 973 ei
387 935 614 973 leuauerunt
634 936 944 984 reduxeruntque
964 948 1052 973 eum
1072 935 1110 972 in
1132 934 1147 986 Η
1167 936 1292 973 locum
1313 935 1378 973 ubi
1393 935 1517 985 primo
1535 944 1661 978 13105v

112 995 246 1033 fuerat.
288 994 477 1032 Homines
506 999 634 1033 autem
663 994 727 1044 qui
755 994 982 1033 habitabant
1000 994 1040 1032 in
1068 994 1168 1041 uilla,
1199 994 1397 1033 audientes
1418 995 1519 1044 quod

111 1059 211 1091 esset
253 1052 292 1091 in
329 1054 510 1104 spelunca
544 1058 735 1092 uenerunt
764 1059 800 1091 et
828 1053 1060 1092 iniuriabant
1096 1059 1132 1092 et
1169 1053 1445 1092 maledicebant
1473 1054 1518 1092 ei.
1552 1058 1598 1095 15

217 1113 296 1163 Ego
325 1126 414 1151 vero
445 1112 594 1151 omnia*
622 1113 809 1163 patienter
837 1113 1074 1151 sustinebam
1103 1113 1243 1163 gratias
1281 1126 1398 1163 agens
1428 1113 1519 1151 Deo.

110 1172 140 1211 F
143 1171 272 1210 aciens
301 1177 430 1210 autern
468 1172 508 1210 in
547 1173 731 1222 spelunca
767 1185 922 1210 menses
965 1173 1095 1210 decem
1134 1177 1179 1210 et·
1208 1177 1292 1210 octo
1319 1171 1520 1211 iniuriatus

112 1235 149 1269 et
178 1231 438 1269 exhonoratus
468 1231 515 1270 ab
553 1230 733 1269 omnibus
762 1236 799 1270 et
827 1231 1018 1270 orationes
1054 1244 1122 1281 pro
1152 1231 1205 1269 eis
1234 1232 1314 1269 Deo
1343 1232 1519 1277 offerens⁷

113 1295 303 1339 quatenus
333 1290 460 1329 anime
488 1290 641 1329 illorum
669 1291 909 1329 saluarentur
929 1296 965 1329 et
993 1296 1034 1329 ut
1062 1292 1164 1329 non*
1183 1291 1254 1329 illis
1282 1291 1521 1341 inputaretur

110 1350 159 1387 ad
187 1355 384 1399 peccatum
404 1351 504 1399 quod
534 1350 571 1388 in
602 1363 664 1388 me
684 1351 923 1388 exercebant.
945 1348 960 1400 ΙΙ
980 1350 1073 1388 Post
1090 1350 1162 1388 hec
1189 1363 1280 1388 uero
1308 1351 1638 1391 reuelatumTS1v

110 1414 168 1447 est
197 1409 387 1459 preposito
411 1408 568 1447 ecclesie
596 1409 635 1447 in
656 1409 815 1456 uisione,
836 1407 851 1459 ΙΙ
872 1408 1056 1458 quoniam
1082 1409 1211 1448 omnia
1239 1422 1313 1458 que
1341 1409 1519 1448 mulieres
1536 1417 1645 1450 K164

111 1468 298 1513 uiderant,
327 1468 489 1506 fantasia
509 1468 658 1506 fuerant
677 1473 713 1506 et
741 1467 881 1506 iniuste
901 1481 1034 1506 senem
1063 1468 1287 1507 afflixerant.
1327 1468 1519 1518 Ceperunt

106 1532 240 1565 autem
271 1527 431 1565 iuuenes
474 1533 510 1565 et
538 1527 678 1566 femine
713 1541 734 1565 a
771 1527 1003 1565 demonibus
1040 1527 1171 1565 uexari
1211 1533 1245 1565 et
1286 1527 1517 1577 exspumari.

111 1586 196 1624 Hoc
223 1585 397 1624 uidentes
417 1586 653 1624 habitatores
673 1586 760 1624 uille
788 1585 889 1624 illius
920 1586 1093 1624 exierunt
1122 1599 1257 1625 omnes
1278 1599 1365 1624 cum
1395 1586 1519 1625 uxori-

111 1646 184 1684 bus
213 1651 249 1683 et
278 1645 405 1696 pueris
434 1651 474 1684 ut
512 1645 829 1684 benedicerentur
855 1659 876 1684 a
913 1659 975 1684 me
1003 1651 1040 1684 et
1078 1646 1324 1696 penitentiam
1363 1650 1520 1695 agerent
1548 1648 1597 1685 25

104 1705 158 1743 -de
185 1718 230 1743 eo
260 1705 361 1754 quod
388 1710 555 1753 egerant.
612 1705 690 1754 Ego
720 1718 812 1743 uero
840 1704 989 1754 fugiens
1018 1705 1066 1743 ab
1096 1705 1161 1751 eis,
1197 1705 1286 1743 ueni
1321 1710 1357 1743 et
1393 1705 1519 1743 mansi

106 1764 150 1803 ,in
178 1769 309 1802 monte
337 1763 468 1802 Nitrie.

217 1823 263 1861 Et
282 1822 375 1861 dixit
395 1822 510 1861 michi
533 1836 667 1861 senex:
697 1822 810 1860 Abba
830 1823 1002 1870 Theona,
1033 1822 1063 1860 si
1093 1821 1152 1861 uis
1181 1835 1269 1861 cum
1299 1822 1519 1872 quietudine

113 1882 345 1932 pertransire
374 1883 453 1921 dies
483 1882 558 1920 uite
587 1888 650 1920 tue
670 1887 706 1920 et
735 1887 776 1920 ut
795 1895 874 1920 non
895 1881 1094 1920 inueniant
1114 1883 1235 1920 demo¹
1253 1895 1322 1920 nes
1351 1882 1514 1921 occasio·
1532 1888 1558 1921 E
1573 1889 1660 1923 181v

113 1955 203 1979 nem
233 1942 439 1980 aduersum
468 1946 515 1988 te,
546 1955 625 1980 non
654 1941 803 1979 habites
843 1940 948 1979 iuxta
983 1940 1175 1979 ciuitatem
1203 1946 1265 1979 aut
1303 1941 1447 1988 uillam⁷
1482 1945 1518 1980 et
1546 1949 1597 1986 30

112 2013 297 2049 quiescas.

222 2160 235 2193 1
257 2163 319 2193 aut
335 2159 390 2193 bis
407 2160 458 2194 Ε3
503 2160 524 2193 3
541 2160 606 2194 hec
628 2161 661 2194 T
705 2160 877 2194 demones
898 2159 929 2194 T
973 2160 995 2192 4
1013 2159 1101 2193 iuria
1124 2158 1167 2194 S²
1216 2161 1237 2193 5
1262 2159 1519 2194 fusticauerunt

112 2211 225 2247 S'2BT
269 2214 289 2246 6
315 2212 459 2256 specula
485 2214 523 2247 St
573 2213 594 2247 S
619 2212 738 2257 uirito]
762 2213 848 2247 uiris
879 2214 920 2253 T;
937 2229 979 2242 =
996 2214 1131 2248 Beirito
1180 2214 1200 2246 9
1218 2213 1339 2256 plagas
1366 2212 1406 2247 S¹
1456 2211 1518 2256 et²]

103 2277 166 2298 ,οηι
196 2266 228 2300 Τ
274 2266 317 2299 10
342 2266 516 2300 accideret
543 2265 583 2300 S¹
634 2267 676 2300 15
702 2266 954 2300 maledicibant
980 2266 1021 2299 S¹
1074 2267 1114 2300 17
1141 2277 1226 2300 uero
1251 2267 1330 2300 ΕΚ
1381 2277 1442 2300 sex
1467 2265 1518 2300 El

115 2320 157 2352 19
183 2329 307 2352 eorum
333 2320 375 2352 K
425 2319 471 2352 ⁶20
496 2319 623 2363 exerc]
651 2322 689 2360 —l—
718 2320 754 2353 in
779 2331 837 2354 me
863 2321 938 2354 EK
990 2320 1033 2353 :222
1060 2320 1204 2354 suerunt
1229 2319 1303 2363 K¹;
1329 2320 1395 2353 fuit
1419 2319 1516 2354 EK²

105 2372 158 2408 ,24
182 2371 287 2414 illius]
313 2371 373 2406 ille
398 2372 438 2407 Ε
483 2372 528 2406 ⁶25
553 2376 588 2406 et
613 2373 731 2416 pueris
757 2375 816 2407 Bm
865 2372 916 2406 et²
947 2374 990 2406 TS
1037 2374 1077 2406 31
1107 2373 1265 2416 quiesces
1289 2374 1368 2408 ΕΚ

182 2667 368 2699 Sammlung
387 2667 692 2695 mittellateinischer
711 2669 818 2696 Texte.
858 2670 883 2695 7.
1361 2667 1378 2692 8
