1834 2967
263 267 418 293 omnem
447 253 552 292 illam
580 253 783 304 pecuniam
813 255 860 292 ad
889 267 955 292 ora
984 253 1154 291 fluminis
1183 258 1219 292 et
1248 253 1422 293 dissoluit
1461 268 1556 306 opus
1585 255 1677 294 illud

262 314 409 352 bonum
430 314 531 363 quod
551 313 712 352 faciebat
731 325 798 363 per
818 312 989 363 singulos
1004 312 1084 350 dies
1099 313 1146 350 ad
1167 311 1456 363 suscipiendum
1474 327 1674 364 pauperes,

369 372 561 411 Conduxit
577 377 705 411 autem
733 371 878 418 nauirn,
908 371 947 409 in
969 384 1085 420 quam
1106 371 1263 410 mittens
1284 385 1329 410 ea
1348 372 1454 411 uenit
1483 373 1522 411 in
1543 373 1673 412 Bizan-

262 431 375 470 cium.
423 431 625 481 Regnabat
654 444 745 470 uero
774 435 866 468 tunc
886 430 1054 468 Iustinus
1076 431 1291 469 auunculus
1311 431 1522 470 Iustiniani.
1566 432 1677 471 Dedit

210 493 233 530 5
263 496 390 529 autem
425 490 605 540 Eulogius
648 489 851 540 pecuniam
893 489 1054 527 multam
1097 489 1317 540 imperatori
1355 495 1391 528 et
1428 491 1675 541 magnatibus

262 550 356 597 eius,
398 549 439 587 in
468 554 617 588 tantum
656 554 698 587 ut
735 549 903 587 facerent
931 561 1019 586 eum
1058 549 1268 598 prefectum
1310 548 1408 588 sacri
1448 550 1602 600 pretorii
1639 555 1676 589 et

119 616 247 650 E165v
261 610 420 648 domum
447 613 590 647 emeret
610 607 625 659 Η
644 607 901 658 magnificam,
929 620 1004 656 que
1033 607 1168 646 dicitur
1196 608 1361 658 Egypcia
1389 621 1511 658 usque
1548 609 1674 648 hodie.

365 668 458 706 Post
487 669 581 706 duos
611 680 702 705 uero
732 679 856 705 annos
885 665 997 704 uideo
1026 668 1067 704 in
1096 669 1243 705 uisione
1271 668 1458 714 infantem
1497 669 1604 706 illum
1632 671 1675 706 in

260 733 393 766 sancta
408 728 704 765 Reszcrreccione
732 731 766 763 et
785 727 870 764 dixi
897 727 1005 764 intra
1023 739 1081 763 me
1099 728 1247 775 ipsum:
1283 727 1354 765 Vbi
1381 732 1435 765 est
1462 740 1555 766 uero
1574 741 1675 766 mmo

185 789 233 827 10
261 787 472 837 Eecloyizcs?
533 786 589 823 Et
619 791 709 835 post-
740 786 945 834 paululum
981 786 1092 823 uideo
1131 785 1333 835 Eulogium
1373 787 1610 824 abstractum
1653 800 1675 824 a

259 845 353 884 facie
391 845 546 884 infantis
585 845 632 882 ab
667 857 746 882 uno
784 843 957 894 Ethiope.
1015 843 1113 882 Cum
1148 850 1277 883 autem
1315 845 1500 883 excitatus
1535 858 1673 893 essem,

259 904 335 943 dixi
365 904 480 942 michi
510 904 598 954 ipsi:
629 904 716 942 Heu
744 902 860 942 michi
889 908 1078 953 peccator,
1114 903 1205 953 quid
1233 903 1327 942 feci?
1381 903 1534 942 Perdidi
1570 904 1674 943 enim

259 964 428 1002 animam
458 976 596 1001 meam.
653 963 699 1001 Et
718 963 854 1001 tollens
875 963 1057 1000 baculum
1076 975 1206 1000 meum
1235 962 1311 1001 abii
1330 962 1371 1001 in
1391 963 1534 1009 uillam,
1565 963 1673 1012 quasi

259 1024 306 1061 ad
334 1023 583 1061 uendendum
613 1035 728 1072 opera
756 1035 853 1060 mea.
910 1021 956 1059 Et
994 1022 1132 1060 sedens
1163 1022 1434 1072 exspectabam
1469 1022 1672 1072 Eulogium

183 1084 229 1122 15
259 1083 471 1120 secundum
501 1080 831 1120 consuetudinem.
887 1081 1001 1119 Facta
1036 1085 1093 1119 est
1121 1085 1250 1119 autem
1280 1094 1442 1131 uespera
1478 1083 1599 1128 tarda,
1637 1086 1674 1120 et

259 1155 373 1179 nemo
402 1143 485 1179 me*
514 1140 755 1191 suscipiebat.
813 1140 970 1179 Surrexi
999 1139 1163 1189 denique
1198 1145 1235 1178 et
1270 1139 1504 1191 interrogaui
1533 1142 1674 1179 unam*

258 1201 426 1238 uetulam
456 1200 608 1249 dixique
636 1199 690 1238 ei:
720 1200 781 1237 Tu
808 1204 945 1247 mater,
975 1200 1098 1237 adduc
1126 1199 1242 1237 michi
1278 1204 1355 1238 tres
1390 1199 1603 1250 paximates
1633 1205 1674 1238 ut

258 1260 511 1298 commedam.
566 1259 655 1297 Non
684 1258 788 1297 enim
827 1258 1016 1297 commedi
1045 1258 1170 1297 hodie.
1228 1259 1311 1306 Que
1339 1258 1407 1297 ait:
1447 1259 1514 1297 Eo.
1570 1258 1675 1297 Abiit

258 1324 386 1357 autem
415 1323 451 1356 et
490 1317 644 1356 adduxit
683 1317 874 1356 modicum
911 1322 1061 1356 coctum
1091 1323 1126 1356 et
1165 1319 1302 1356 sedens
1340 1317 1446 1356 iuxta
1475 1331 1536 1356 me
1577 1316 1675 1368 cepit

178 1380 229 1417 ΞΟ
256 1377 371 1416 michi
399 1377 503 1427 loqui
532 1376 742 1428 spiritualia
762 1376 960 1415 iuuamina
988 1376 1136 1415 dicens:
1165 1376 1300 1416 Nescis
1321 1377 1410 1426 quia
1438 1377 1674 1415 monasticus

259 1438 352 1475 ordo
382 1436 548 1486 quietem
576 1437 659 1474 uult
699 1436 865 1475 habere?
921 1436 966 1474 Et
1001 1435 1073 1474 alia
1111 1438 1261 1486 quidem
1297 1437 1416 1475 uerba
1452 1436 1570 1476 utilia.
1626 1436 1674 1475 Et

259 1496 335 1535 dixi
378 1496 429 1535 ei:
474 1495 576 1543 Quid
617 1509 706 1546 ergo
748 1495 934 1546 precipis?
989 1495 1115 1545 Opera
1151 1509 1339 1534 manuum
1378 1509 1553 1534 mearum
1583 1495 1672 1534 ueni

258 1556 436 1594 uendere.
493 1555 560 1594 Illa
601 1560 730 1594 autem
772 1554 866 1593 dixit
902 1553 1036 1593 michi:
1077 1555 1123 1592 Et
1167 1555 1198 1593 si
1240 1568 1337 1604 opus
1375 1560 1484 1593 tuum
1523 1555 1672 1602 uendis⁷

258 1620 386 1653 tamen
419 1627 498 1653 non
527 1620 564 1653 te
593 1619 741 1665 oportet
775 1627 933 1652 manere
961 1613 1000 1651 in
1032 1613 1144 1664 opido
1184 1620 1346 1652 tantum.
1404 1614 1444 1652 Si
1484 1614 1542 1652 uis
1581 1627 1671 1653 uero

178 1676 228 1713 25
258 1675 474 1712 monachus
490 1673 583 1721 fieri,
605 1675 702 1712 uade
721 1673 759 1711 in
782 1672 955 1711 Scithim.
994 1672 1079 1711 Dixi
1100 1678 1227 1711 autem
1248 1674 1299 1712 ei:
1331 1673 1496 1719 Dimitte,
1515 1686 1671 1723 quaesoy

257 1733 528 1772 collocutiones
557 1733 649 1771 istas
678 1738 715 1771 et
744 1732 802 1770 dic
839 1732 974 1770 michi:
1012 1732 1099 1770 Non
1131 1738 1187 1770 est
1224 1731 1264 1770 in
1304 1732 1416 1782 opido
1454 1733 1526 1771 isto
1553 1733 1671 1771 homo

256 1792 397 1831 timens
426 1793 547 1831 Deum
579 1797 615 1831 et
644 1804 882 1842 congregans
920 1791 1115 1841 hospites?
1172 1791 1216 1830 Et
1255 1791 1307 1830 ait
1345 1791 1479 1830 michi:
1520 1792 1551 1830 O
1581 1792 1671 1841 quid

255 1852 405 1890 locutus
435 1865 487 1899 es⁷
518 1851 674 1890 domine
699 1852 823 1890 abba?
865 1851 1083 1889 Habuimus
1114 1850 1218 1889 enim
1246 1851 1434 1890 latonium
1465 1853 1670 1900 quendam,

257 1911 321 1960 qui
349 1912 470 1950 multa
500 1912 602 1950 bona
623 1911 784 1949 faciebat
813 1909 1038 1960 hospitibus.
1085 1910 1130 1948 Et
1159 1910 1232 1948 hoc
1253 1911 1410 1948 uidens*
1440 1911 1540 1949 Deus
1570 1911 1671 1949 dedit

176 1971 228 2008 30
257 1969 307 2008 illi
337 1971 511 2020 gratiam,
542 1975 578 2009 et
607 1975 664 2008 est
692 1969 805 2009 hodie
834 1969 1025 2020 patricius.
1083 1969 1257 2008 Audiens
1278 1975 1406 2008 autem
1435 1970 1505 2008 hec
1534 1969 1611 2008 dixi
1631 1970 1669 2009 iu

255 2029 435 2079 metipso:
467 2030 545 2079 Ego
574 2029 826 2067 homicidium
855 2029 928 2067 hoc
959 2028 1038 2066 feci.

135 2094 235 2128 SSOv
362 2089 407 2126 Et
421 2088 576 2127 mittens
589 2102 650 2127 me
665 2088 791 2138 ipsum
812 2086 826 2138 ΙΙ
848 2088 886 2126 in
899 2101 1050 2134 nauem,
1067 2087 1142 2125 abii
1158 2087 1377 2126 Bizanzium
1391 2088 1670 2139 etinterrogaui

114 2153 240 2187 K14Sv
255 2149 442 2197 quosdam
481 2149 528 2186 de
563 2149 678 2186 domo
707 2147 872 2198 Egypcii‚
910 2147 974 2185 ubi
1012 2146 1227 2185 inuenirem
1267 2152 1376 2186 eam?
1434 2148 1477 2186 Et
1506 2148 1669 2186 inrdica-

363 2260 377 2293 1
408 2259 492 2293 illud
520 2270 609 2303 opus
635 2259 677 2295 K
733 2261 754 2293 ⁹2
781 2259 1025 2303 suscipiendos
1050 2259 1130 2294 ΕΚ
1191 2262 1212 2293 3
1238 2271 1308 2303 qua
1333 2260 1413 2295 ΕΚ
1467 2260 1667 2295 Bizantium

252 2314 332 2348 ΕΚ
376 2313 399 2346 4
425 2316 545 2346 autem
571 2313 613 2347 K
659 2313 677 2346 7
705 2313 850 2354 emeret]
878 2313 1010 2347 faceret
1027 2313 1107 2346 ΕΚ
1151 2314 1231 2356 que]
1264 2317 1299 2351 -t-
1330 2324 1443 2357 usque
1469 2313 1574 2348 hodie
1592 2314 1674 2349 ΕΚ

256 2367 293 2400 11
326 2367 458 2410 Etyope
485 2366 527 2400 K
571 2367 697 2408 essem]
726 2377 805 2400 sum
833 2366 910 2401 EK
960 2366 1001 2400 13
1029 2367 1158 2408 meam]
1187 2370 1286 2400 tuam
1304 2367 1382 2401 ΕΚ
1433 2368 1472 2400 16
1492 2377 1575 2411 ergo
1593 2367 1673 2402 ΕΚ

256 2421 298 2453 18
325 2419 405 2463 que]
431 2423 465 2453 et
490 2419 568 2454 ΕΚ
617 2421 658 2453 19
686 2430 769 2462 ergo
795 2420 875 2454 ΕΚ
920 2420 966 2453 924
991 2419 1026 2453 in
1054 2421 1104 2453 Ks
1151 2419 1269 2463 opido]
1298 2422 1335 2461 —†-
1366 2423 1400 2454 te
1423 2421 1464 2455 Κ
1510 2420 1668 2463 manere]

254 2473 288 2506 in
314 2473 419 2517 opido
447 2473 587 2506 tardare
612 2473 706 2511 ΕΚ;
734 2476 875 2507 tantum
903 2473 1043 2506 tardare
1071 2473 1111 2507 Κ
1157 2474 1202 2506 25
1221 2474 1431 2516 monachus]
1452 2476 1490 2514 -ξ-
1512 2474 1566 2507 uis
1591 2474 1672 2508 ΕΚ

253 2525 403 2569 dimitte]
433 2528 471 2567 -ἧ-
500 2526 607 2560 modo
638 2526 717 2560 ΕΚ
769 2527 813 2560 28
839 2525 945 2570 abba]
970 2525 1019 2560 mi
1049 2526 1126 2560 ΕΚ
1183 2527 1356 2560 latornum
1387 2527 1467 2561 ΕΚ
1521 2528 1566 2560 30
1598 2526 1665 2560 hoe

253 2579 332 2614 ΕΚ
383 2580 422 2611 31
455 2579 666 2622 memetipso
692 2579 768 2613 ΕΚ
817 2580 861 2613 32
888 2579 1010 2613 nanim
1028 2580 1108 2614 ΕΚ
1152 2579 1223 2613 abii
1251 2579 1357 2621 (habii
1385 2580 1448 2621 KH
1466 2580 1511 2624 ·†-
1531 2579 1565 2613 iu
1592 2580 1671 2614 EA·

253 2634 296 2663 {it}
324 2632 506 2666 inueniam
533 2644 614 2667 eum
642 2633 721 2667 ΕΚ
