1834 2967
251 485 273 521 Ξ)

205 608 285 641 Τ67

162 726 188 759 Ε
199 726 287 760 153v

180 785 284 819 K136

190 1967 287 2001 1391st

189 2027 290 2060 Tffiv

877 123 1128 160 —62-

308 260 387 286 non
419 246 604 286 erubuisti
632 250 836 285 naturam?
864 245 1062 295 Numquid
1082 259 1160 284 non
1191 246 1323 284 eadem
1344 251 1482 285 natura
1509 251 1546 284 te
1565 246 1721 296 genuit?

300 306 592 356 Numquidnam
632 310 668 344 et
696 305 890 356 propriam
926 310 1089 344 matrem
1119 318 1198 343 non
1227 304 1428 343 iniuriatus
1458 318 1497 344 es
1526 318 1604 343 una
1641 319 1718 343 me-

302 368 417 404 cum?
473 365 635 412 Qualem
664 365 797 412 habes,
833 364 1048 403 miserrime
1076 363 1293 411 hominum,
1332 377 1402 414 pro
1439 377 1502 403 me
1539 365 1720 403 reddere*

302 424 490 462 rationem
533 428 622 462 ante
658 424 904 462 tremendum
945 429 1059 473 atque
1102 423 1315 462 districtum
1357 422 1525 462 tribunal
1565 423 1719 471 Christi,

304 483 393 533 quia
434 483 521 521 uiua
559 496 622 522 me
661 482 869 532 aliquando
907 487 1111 521 extraneus
1148 483 1267 521 homo
1304 482 1439 521 faciem
1475 495 1603 521 meam
1643 496 1721 521 non

302 544 516 580 denudanit
548 547 584 580 et
613 547 654 580 tu
684 547 768 592 post
805 547 967 580 mortem
999 546 1035 580 et
1065 542 1299 592 sepulturam
1336 541 1387 579 ita
1425 540 1627 579 denudasti
1658 554 1723 579 me

306 607 342 640 et
371 602 518 640 nudum
555 600 684 639 uidisti
722 613 861 651 corpus
897 614 1029 639 meum
1050 599 1064 651 ΙΙ
1085 604 1232 640 totum?
1287 601 1372 638 Heu
1412 599 1480 638 tibi
1517 600 1718 638 hominum

302 674 437 711 genusy
468 661 513 698 ad
544 665 729 709 quantam
759 659 953 698 miseriam
988 660 1204 699 deuenisti‘?
1260 660 1370 707 Quali
1400 659 1504 698 enim
1533 660 1645 698 corde
1685 665 1723 697 et

309 719 409 769 quali
439 718 692 767 consciencia,
734 731 756 756 o
784 719 903 757 homo
932 719 1165 766 miserrime,
1208 719 1357 758 accedis
1385 719 1433 757 ad
1454 716 1468 768 Η
1489 718 1578 756 Dei*
1607 718 1722 756 eccle-

303 779 424 818 siam?
479 778 557 816 Aut
578 777 753 827 qualibus
773 777 977 816 mallnibus
1005 778 1158 828 pollutis
1178 778 1315 828 accipis
1336 790 1488 816 sacrum
1518 790 1656 828 corpus
1685 782 1723 816 et

304 838 500 876 uiuificum
531 836 761 887 sanguinem
789 836 944 875 Domini
973 837 1119 876 nostri?

411 897 490 946 Ego
533 902 660 934 autem
705 901 746 934 ut
787 895 929 943 audiui,
975 895 1112 946 expaui
1150 901 1187 934 et
1223 896 1468 935 tremefactus
1510 895 1575 934 uix
1618 895 1724 946 potui

307 957 539 1006 respondere
577 955 627 993 illi
666 955 818 1004 dixique
854 955 904 994 ei:
944 955 1101 993 Dimitte
1137 968 1213 1003 me,
1254 961 1290 994 et
1327 955 1492 1005 amplius
1529 955 1604 993 hoc
1641 968 1722 993 non

305 1015 452 1054 faciam.
510 1015 594 1062 Que
623 1014 716 1052 dixit
743 1014 878 1053 michi:
909 1013 1020 1053 Certe
1049 1020 1091 1053 ut
1119 1014 1287 1061 uoluisti,
1316 1013 1498 1061 introisti;
1530 1014 1596 1052 sed
1625 1012 1723 1051 sicut

253 1092 260 1110 a
305 1073 377 1121 uis,
407 1087 487 1112 non
517 1074 619 1112 exies
649 1074 758 1121 hinc;
803 1074 869 1112 sed
905 1074 1124 1124 sepulcrum
1152 1073 1226 1112 hoc
1263 1086 1470 1111 commune
1498 1072 1568 1111 erit
1596 1072 1721 1111 nobis.

306 1134 352 1172 Et
381 1147 460 1171 non
489 1139 599 1183 putes
638 1132 726 1182 quia
764 1132 837 1171 cito
872 1132 1103 1171 moriturus*
1132 1132 1218 1179 eris,
1255 1133 1321 1170 sed
1360 1145 1426 1182 per
1465 1131 1605 1170 multos
1642 1131 1723 1170 dies

307 1192 536 1231 cruciaberis
566 1197 603 1231 et
631 1198 723 1230 tunc
751 1192 887 1230 reddes
915 1190 1134 1230 malivolam
1163 1191 1337 1230 animam
1365 1196 1484 1230 tuam.

413 1252 492 1301 Ego
521 1264 614 1290 uero
644 1251 875 1301 deprecabar
913 1250 1017 1289 illam
1055 1263 1144 1289 cum
1181 1250 1334 1289 multis*
1362 1249 1543 1296 lacrimis,
1582 1254 1623 1287 ut
1661 1262 1723 1288 me

307 1311 523 1358 dimitteret,
562 1310 691 1361 sepius
729 1312 873 1348 orando
908 1323 976 1360 per
1011 1309 1314 1360 omnipotentem
1344 1310 1481 1356 Deum,
1521 1308 1609 1358 quia
1643 1321 1722 1347 non

307 1370 471 1420 amplius
500 1369 735 1408 committam
766 1368 1031 1419 exprobrabile
1059 1369 1218 1408 facinus.
1276 1369 1374 1408 Cum
1400 1373 1528 1407 autem
1557 1367 1720 1406 multum

307 1443 392 1468 eam
422 1431 645 1480 deprecatus
666 1427 824 1467 fuissem
853 1434 889 1467 et
908 1429 1070 1468 multas*
1099 1428 1274 1467 lacrimas
1304 1428 1536 1475 effudissem,
1566 1440 1722 1477 respon·

307 1490 402 1527 dens
438 1488 531 1527 dixit
559 1488 693 1526 michi:
736 1487 776 1526 Si
805 1488 864 1526 uis
901 1487 1032 1526 uiuere
1071 1493 1106 1526 et
1143 1487 1296 1526 liberari
1333 1487 1380 1525 ab
1419 1487 1493 1525 hoc
1522 1486 1723 1525 execrabili

307 1548 488 1595 facinore7
520 1553 556 1586 et
584 1562 608 1586 a
636 1547 782 1597 polluto
812 1560 927 1597 opere
954 1547 1138 1585 recedens
1163 1547 1290 1585 statim
1319 1547 1438 1585 uades
1468 1551 1503 1584 et
1531 1546 1724 1584 abrenun—

307 1607 418 1646 tiabis
449 1607 591 1654 seculQ
631 1606 781 1645 intrans
810 1605 850 1644 in
886 1605 1166 1644 monasterium
1195 1606 1303 1644 faties
1344 1611 1380 1644 te
1409 1605 1645 1643 monachum
1687 1609 1723 1643 et

308 1680 397 1717 ages
427 1665 676 1716 penitentiam
698 1678 744 1704 ex
773 1665 884 1703 malis
913 1678 987 1715 que
1009 1665 1181 1715 nequiter
1211 1664 1319 1715 egisti
1340 1670 1376 1703 et
1404 1663 1550 1702 seruies
1571 1663 1726 1702 Christo

308 1725 472 1764 Domino
502 1725 659 1774 Deoque
688 1730 834 1763 nostro.
1178 1751 1182 1755 -

414 1785 493 1834 Ego
523 1789 652 1823 autem
690 1784 755 1834 qui
794 1789 830 1822 et
867 1783 1016 1834 potiora
1044 1784 1183 1822 uellem
1222 1782 1455 1833 promittere,
1500 1783 1531 1821 si
1569 1795 1723 1820 eruerer

308 1845 354 1883 de
395 1844 459 1883 tali
504 1843 693 1894 periculo,
741 1843 865 1882 iuraui
910 1843 963 1881 illi
1007 1842 1157 1881 dicens:
1206 1842 1280 1880 Per
1317 1841 1425 1880 illum
1464 1840 1528 1891 qui
1572 1841 1722 1879 futurus

309 1910 365 1943 est
406 1904 536 1942 tollere
576 1903 747 1942 animam
785 1916 913 1942 meam
957 1907 993 1941 et
1034 1908 1222 1941 uenturus
1262 1907 1314 1939 est
1343 1901 1510 1940 iudicare
1548 1901 1659 1939 uiuos
1689 1906 1725 1939 et

309 1968 496 2010 mortuos⁷
527 1963 616 2012 quia
643 1975 722 2000 non
754 1967 928 2001 tantitum
963 1961 1096 2000 faciam
1141 1974 1213 2011 que
1246 1960 1372 1999 dixisti
1405 1959 1541 2005 michi,
1588 1973 1724 1998 uerum

311 2022 430 2061 eciam
459 2023 507 2061 ab
535 2022 609 2060 hac
638 2021 698 2060 die
727 2034 807 2059 non
836 2021 1003 2059 introibo
1033 2021 1070 2059 in
1101 2021 1260 2059 domum
1289 2033 1428 2066 meam,
1451 2018 1466 2070 ΙΙ
1487 2020 1553 2058 sed
1583 2019 1725 2058 abhinc

308 2083 448 2120 uadum
478 2081 515 2119 in
546 2080 825 2120 monasterium
854 2086 891 2119 et
920 2094 1031 2131 agam
1062 2079 1329 2130 penitenciam.
1387 2079 1497 2117 Tunc
1527 2078 1578 2117 ait
1606 2077 1722 2117 michi

309 2141 452 2191 puella:
483 2141 579 2179 Ecce
600 2141 812 2179 secundum
834 2139 1129 2190 promissionem
1150 2145 1256 2178 tuam
1271 2138 1419 2177 dimitto
1438 2144 1483 2176 te.
1514 2138 1574 2176 Tu
1594 2143 1722 2176 autem

310 2200 466 2238 reindue
496 2213 569 2246 me,
610 2200 706 2238 sicut
740 2198 1047 2238 me÷÷i11ue11isti.
1105 2198 1202 2237 Cum
1242 2211 1333 2236 uero
1372 2197 1583 2236 induissem
1624 2210 1722 2243 eam,

420 2308 432 2339 l
463 2305 563 2348 non¹]
598 2316 649 2339 om
683 2306 724 2338 K
786 2305 806 2338 Ξ
838 2304 936 2348 nam]
970 2315 1043 2338 non
1068 2304 1143 2339 ΕΚ
1209 2302 1384 2337 iniuratus
1409 2303 1448 2336 K
1511 2302 1532 2335 5
1559 2300 1654 2344 quia]
1682 2303 1721 2341 -ξ-

310 2370 508 2403 numquam
538 2357 588 2393 T2
646 2358 769 2402 homo]
791 2360 829 2399 -Ι-
860 2368 938 2392 eras
964 2361 1046 2392 ante
1105 2357 1190 2399 non]
1216 2368 1268 2390 om
1296 2356 1369 2391 BT
1432 2356 1474 2389 10
1500 2355 1667 2399 pollueris
1698 2355 1730 2387 T

313 2414 354 2447 13
390 2413 510 2447 dicens
545 2413 621 2446 ΕΚ
683 2411 727 2454 ei]
762 2423 813 2445 om
855 2410 979 2446 T¹EK
1045 2411 1086 2444 15
1128 2410 1291 2454 pulcrum
1332 2410 1372 2444 Ε
1437 2409 1477 2442 17
1511 2413 1609 2442 tuam
1651 2407 1725 2441 ani-

311 2477 403 2500 mam
432 2467 486 2507 K3
514 2465 628 2509 tuam]
657 2468 695 2506 -l-
725 2465 850 2499 reddes
875 2466 950 2499 ΕΚ
1004 2465 1050 2498 ⁶20
1076 2463 1228 2507 amplius
1255 2474 1327 2497 non
1355 2464 1395 2497 K
1440 2463 1480 2496 21
1511 2461 1725 2496 el'su‹l.1uul-

312 2523 362 2552 tas
397 2520 437 2553 K
500 2520 544 2553 23
581 2519 735 2561 recedes,
775 2518 834 2552 sed
870 2519 949 2552 ΕΚ
1011 2518 1057 2551 24
1091 2517 1141 2560 in]
1176 2528 1227 2550 om
1266 2518 1371 2549 ceteri
1434 2515 1613 2558 faciesque
1648 2515 1727 2549 ΕΚ

311 2574 354 2605 25
381 2584 464 2612 agas
490 2573 569 2607 ΕΚ
615 2575 661 2615 et]
687 2583 738 2606 om
773 2573 804 2605 Τ
849 2573 892 2604 2⁴5
919 2572 985 2605 ‹leo
1012 2572 1056 2605 B¹
1110 2571 1153 2603 27
1182 2570 1223 2613 si]
1244 2572 1282 2610 —l-
1305 2570 1346 2603 de
1373 2568 1433 2602 tali
1451 2569 1527 2604 ΕΚ
1576 2569 1621 2601 28
1648 2569 1724 2611 sut]

310 2629 482 2660 uenturus
508 2627 582 2660 ΕΚ
634 2628 678 2657 ῑῐυ
704 2625 799 2668 quia]
825 2625 884 2667 qui
912 2624 959 2658 12²¹
1010 2624 1130 2667 michi]
1152 2628 1187 2663 ἦ·
1213 2623 1340 2657 saviam
1362 2622 1439 2657 ΕΚ
1486 2621 1531 2655 34
1548 2625 1667 2655 autem
1687 2622 1728 2655 K
