1834 2967
253 233 323 280 dic,
353 245 464 282 puer:
495 232 551 270 Ex
579 244 641 270 me
669 231 821 281 genitus
851 244 890 270 es
920 235 984 269 tu‘?
1039 231 1070 269 T
1076 244 1150 269 unc
1178 230 1247 269 Dei
1284 231 1402 281 gratia
1437 230 1663 268 exclamauit

253 305 346 342 puer
375 304 469 330 uoce
497 304 639 341 magna
666 296 702 330 et
731 291 841 329 dixit:
871 291 971 337 Non,
1002 303 1113 329 serue
1141 290 1210 328 Dei
1237 289 1438 328 Antioche.
1496 289 1570 337 Qui
1589 290 1663 328 hoc

252 351 476 388 scandalum
505 355 683 400 operatus
712 355 779 396 est,
809 350 1027 388 Alexander
1056 350 1173 387 lector
1202 353 1270 387 est.

358 409 470 447 Tunc
489 409 667 459 cognouit
696 409 820 458 puella
844 409 913 447 Dei
932 408 1240 459 redargutionem
1262 412 1298 446 et
1325 407 1508 446 continuo
1528 412 1662 446 treme-

199 471 222 507 5
253 468 348 506 facta
376 468 508 507 cecidit
536 469 584 506 ad
613 468 729 518 pedes
758 468 839 506 eius
868 473 903 506 et
924 467 1147 518 exspirauit.
1203 467 1414 518 Episcopus
1443 471 1572 505 autem
1590 467 1663 504 hec

151 535 227 568 S70
252 527 401 574 uidens
422 526 436 577 ΙΙ
457 540 577 577 pauor
618 529 728 565 eum*
767 527 1019 577 apprehendit
1056 532 1092 565 et
1135 539 1318 565 corruens
1359 526 1397 564 in
1436 530 1579 564 terram
1616 526 1664 563 ad

252 587 366 636 pedes
395 586 476 625 eius
506 586 659 625 ueniam
694 591 731 624 et
759 585 1038 636 indulgentiam
1075 585 1180 636 petiit
1219 586 1267 624 ab
1303 599 1359 624 eo.
1418 584 1599 623 Similiter
1628 590 1664 622 et

146 653 222 687 1391
253 658 388 684 omnes
409 645 473 695 qui
493 645 527 684 ei
541 645 721 684 iniuriam
742 645 923 683 fecerunt.
967 645 1104 684 Lector
1124 650 1253 683 autem
1269 644 1488 683 Alexander
1508 642 1522 694 ΙΙ
1543 644 1665 682 multa

121 700 125 705 ’
252 704 324 743 sibi
354 705 546 755 inponens
576 705 747 755 pondera
775 704 863 743 ferri
893 710 928 743 et
955 704 1070 754 longe
1099 704 1297 742 discedens
1317 718 1340 742 a
1360 703 1510 742 ciuitate
1531 702 1665 741 clausit

178 767 225 804 10
253 777 294 802 se
312 764 439 814 ipsum
458 764 498 802 in
518 777 637 814 parua
667 764 776 811 cella3
806 763 934 813 ibique
961 763 1104 801 mansit
1133 776 1255 812 usque
1283 764 1331 801 ad
1359 763 1567 801 terminum
1588 761 1665 800 uite

253 836 321 862 sue
348 823 388 861 in
417 823 625 873 penitentia
654 824 858 873 perfectam
888 823 966 861 Deo
996 823 1160 861 offerens
1193 821 1425 861 oblationem
1456 827 1490 860 et
1517 821 1666 860 confes-

146 889 227 923 T63
254 881 414 921 sionem.
442 881 456 933 ΙΙ
483 884 628 921 Beatus
656 888 778 920 autem
808 882 1023 920 Antiochus
1052 896 1075 920 a
1103 887 1212 932 cepto
1232 881 1425 932 proposito
1455 895 1535 919 non
1556 881 1665 920 decli-

254 941 372 988 nauit,
407 942 473 980 sed
502 940 624 991 magis
653 954 697 979 ac
725 942 847 991 magis
882 941 1039 991 profecit
1068 942 1114 979 de
1143 940 1283 979 uirtute
1321 940 1359 978 in
1398 940 1580 978 uirtutem
1617 940 1664 978 ad

252 1001 404 1039 laudem
434 1006 469 1038 et
498 1000 658 1050 gloriam
687 1000 842 1038 Domini
869 999 991 1038 nostri
1021 1001 1135 1038 Ihesu
1164 999 1305 1038 Christi
1337 1000 1400 1049 qui
1435 1013 1522 1038 cum
1552 999 1665 1037 Patre

177 1061 223 1099 15
253 1065 288 1098 et
318 1059 460 1109 Spiritu
490 1064 622 1098 sancto
652 1059 746 1098 uiuit
775 1065 811 1097 et
840 1064 973 1109 regnat
1002 1059 1104 1097 Deus
1134 1072 1200 1109 per
1230 1059 1362 1097 omnia
1398 1058 1526 1097 secula
1560 1071 1665 1097 secu-

250 1119 388 1157 lorum.
443 1117 582 1157 Amen.

255 1247 324 1293 10.
358 1247 425 1290 De
459 1258 511 1290 eo
534 1246 656 1300 quod
677 1247 849 1290 bonum
873 1247 946 1289 est
976 1257 1148 1300 ponere
1173 1247 1224 1289 in
1245 1246 1342 1289 Deo
1365 1257 1492 1300 spem
1515 1257 1665 1290 suam.

251 1329 464 1418 Narrauit
492 1330 604 1369 nobis
643 1330 763 1369 abbas
792 1330 986 1368 Palladius
1022 1329 1170 1368 dicens:
1212 1330 1339 1368 Senex
1376 1330 1532 1379 quidam
1562 1343 1665 1369 secu-

347 1390 436 1428 laris
479 1390 743 1440 deprehensus
778 1395 835 1428 est
877 1389 916 1427 in
955 1389 1189 1428 Alexandria
1232 1389 1268 1427 in
1309 1389 1529 1429 homicidio,
1592 1390 1665 1438 Qui

127 1452 229 1486 K131
253 1448 399 1488 diucius
438 1455 609 1488 extortus
653 1454 688 1488 et
726 1454 944 1488 maceratus
974 1448 1167 1499 suppliciis
1203 1448 1296 1487 dixit
1316 1447 1330 1499 ΙΙ
1351 1462 1596 1499 nequaquam
1625 1462 1667 1488 se

252 1508 368 1547 fuisse
416 1509 541 1547 solum
588 1508 628 1546 in
674 1507 893 1555 homicidio,
945 1509 1012 1546 sed
1059 1507 1206 1546 socium
1249 1507 1431 1546 habuisse
1473 1509 1666 1557 quendam

252 1567 432 1606 iuuenem
462 1568 527 1617 qui
555 1572 634 1606 erat
663 1580 857 1606 annorum
886 1567 1033 1606 circiter
1062 1567 1226 1617 triginta.

358 1627 521 1666 Multum
538 1632 667 1666 autem
687 1627 837 1677 utrique
857 1626 970 1665 aflicti
987 1632 1076 1665 sunt
1096 1640 1118 1665 a
1134 1626 1354 1666 tortoribus.
1384 1625 1540 1664 Dicebat
1562 1626 1667 1664 enirn

253 1699 370 1724 senex
400 1685 488 1736 quia
517 1699 670 1724 mecum
704 1686 773 1724 fuit
803 1685 843 1724 in
880 1685 1106 1732 homicidi03
1145 1685 1296 1724 iuuenis
1334 1690 1462 1723 autem
1500 1685 1665 1724 dicebat:

175 1744 223 1781 Ξῖ)
252 1745 517 1796 Nequaquam.

359 1804 459 1852 Quid
497 1805 641 1844 multa?
697 1805 788 1844 Post
825 1804 978 1844 diuersa
1013 1809 1204 1843 tormenta
1245 1809 1474 1854 acceperunt
1517 1802 1667 1853 utrique

254 1864 502 1911 sentenciam,
538 1869 579 1902 ut
608 1864 902 1903 infurcarentur.
960 1863 1006 1902 Et
1043 1862 1271 1913 accipientes
1311 1876 1376 1901 eos
1413 1862 1551 1901 milites
1589 1876 1669 1901 una

113 1926 237 1961 Ε149γ
255 1936 342 1961 cum
371 1923 614 1962 carnificibus
636 1924 878 1962 deduxerunt
908 1923 946 1961 in
967 1936 1056 1961 eum
1076 1923 1204 1961 locum
1226 1923 1286 1972 qui
1316 1919 1454 1961 ‘dicitur
1474 1921 1488 1973 ΙΙ
1509 1922 1666 1969 Quinto.

253 1982 312 2020 Ibi
341 1983 444 2021 enim
474 1982 571 2021 soliti
610 1988 718 2021 erant
754 1982 880 2032 puniri
918 1982 982 2032 qui
1020 1981 1242 2020 huiusmodi
1281 1995 1381 2020 noxe
1420 1987 1539 2020 erant.
1602 1981 1668 2020 Est

175 2048 227 2084 30
255 2041 357 2080 enim
387 2042 425 2079 in
455 2043 538 2081 loco
567 2041 629 2080 illo
660 2043 845 2092 templum
876 2041 1032 2081 Saturni
1062 2043 1269 2080 desertum.

361 2100 456 2139 Cum
486 2107 614 2140 autem
654 2101 853 2140 uenissent
891 2114 1026 2140 omnes
1055 2100 1169 2139 simul
1207 2100 1245 2138 in
1281 2100 1366 2139 loco
1404 2100 1541 2139 milites
1580 2113 1668 2138 cum

255 2159 511 2207 carnificibus,
552 2161 756 2199 uoluerunt
794 2161 975 2199 iuuenem
1014 2159 1182 2210 primum
1221 2160 1438 2210 appendere
1475 2159 1512 2198 in
1552 2159 1666 2210 ligno.

254 2218 329 2265 Qui
359 2219 558 2269 procidens
597 2221 645 2258 ad
674 2220 789 2270 pedes
826 2219 991 2258 militum
1021 2219 1178 2269 rogabat
1216 2232 1280 2257 eos
1322 2218 1469 2258 dicens:
1509 2219 1668 2269 Propter

256 2278 391 2324 Deum,
421 2278 566 2316 domini
596 2279 682 2325 mei,
713 2279 821 2318 facite
841 2279 1050 2325 caritatem,
1080 2284 1120 2316 ut
1150 2284 1284 2317 contra
1307 2278 1495 2317 orientem
1525 2278 1668 2317 faciatis

362 2396 382 2428 2
409 2395 482 2438 qui]
511 2398 548 2436 4-
578 2396 675 2430 enim
700 2397 780 2431 ΕΚ
831 2397 852 2430 5
878 2396 945 2430 hoc
972 2397 1048 2430 ΕΚ
1101 2397 1119 2429 7
1147 2395 1202 2440 eo]
1227 2408 1248 2431 a
1274 2397 1377 2430 heato
1404 2395 1581 2430 Antiocho
1598 2397 1668 2430 ΕΚ

260 2450 302 2482 1()
334 2459 446 2492 parua
481 2449 580 2492 cella]
616 2449 764 2493 paruula
801 2451 887 2490 EK;
927 2449 1016 2483 cella
1041 2450 1091 2483 Κς
1153 2449 1199 2483 ibi
1227 2449 1316 2483 EK¹
1381 2450 1416 2483 11
1454 2450 1561 2484 oblat.
1588 2460 1668 2483 con-

257 2502 420 2536 sessionis
446 2503 517 2536 ΕΚ
571 2504 610 2536 12
637 2514 655 2535 a
684 2503 800 2547 cepto]
828 2506 974 2547 accepto
1002 2501 1168 2537 E¹S¹BT
1216 2504 1257 2537 13
1284 2504 1319 2537 in
1345 2503 1529 2546 uirtutem]
1555 2515 1608 2539 om
1636 2504 1668 2537 Β

260 2556 302 2588 15
336 2555 440 2598 uiuit]
474 2556 591 2598 deficit
628 2557 661 2589 E
736 2557 774 2589 17
813 2557 848 2590 in
884 2557 950 2590 deo
986 2566 1117 2600 ponere
1154 2557 1192 2590 K
1266 2558 1307 2590 19
1341 2559 1394 2590 est
1429 2557 1465 2590 in
1500 2556 1598 2590 Alex.
1620 2557 1668 2590 Κε

257 2608 297 2642 21
327 2608 458 2642 sotium
485 2609 525 2643 K
570 2610 614 2642 ‘223
641 2609 773 2652 afflicti]
798 2611 902 2645 ceteri
