1834 2967
688 120 976 158 —119—

651 388 937 457 Appendix
973 388 1014 440 Ι.

178 529 272 573 Das
304 529 507 573 Wunder
538 542 613 572 am
645 528 967 572 Brunnenbild
999 528 1049 570 in
1079 528 1488 584 Konstantinopel.

129 619 164 656 L
191 636 244 650 z
273 618 487 657 Grundtext
520 618 611 656 Cod.
643 619 704 663 80,
732 617 795 655 fol.

235 678 457 719 223—224.
487 689 584 715 saec.
612 676 692 722 XII,
727 676 797 714 Ar-

235 736 345 775 chivii
374 736 412 774 S.
439 735 626 774 Johannis
660 735 699 773 in
727 734 796 773 La-

234 800 367 833 terano
376 794 479 842 (olim
491 794 742 833 S.Clementis
750 795 795 840 ἓ).

131 854 227 892 G=
247 854 339 892 Cod.
356 853 525 892 Vatican.
543 854 661 892 chart.
679 854 796 899 6076,

233 913 294 951 fol.
327 914 503 951 77—77v
544 914 663 961 (anno
696 913 792 950 1601

233 971 445 1021 exscriptus
492 984 537 1009 ex
584 970 798 1009 Passionali

234 1031 429 1081 deperdito
450 1030 631 1069 ecclesiae
651 1030 690 1069 S.
706 1030 796 1068 Cae·

237 1089 342 1128 ciliae
370 1095 476 1128 trans
506 1089 704 1137 Tiberim).

127 1150 165 1187 A
193 1165 245 1180 =
274 1149 365 1187 Cod.
395 1149 579 1187 Admont.
619 1149 709 1194 376,
734 1148 796 1186 fol.

239 1209 479 1254 lin—1523
496 1220 593 1246 saec.
608 1208 675 1246 XII
691 1207 798 1256 (olim

236 1267 567 1317 Salisburgensis).

137 1327 169 1363 V
194 1343 247 1357 =
276 1326 366 1365 Cod.
390 1326 558 1365 Vatican.
593 1327 705 1373 1192,
734 1326 796 1365 fol.

234 1386 319 1432 31v,
376 1399 474 1424 saec.
522 1386 589 1423 XII
649 1385 795 1425 ineunt.

238 1445 539 1494 (fragmentum).

129 1504 178 1542 M
199 1520 251 1535 =
280 1503 371 1542 Cod.
394 1503 563 1542 Vatican.
594 1505 709 1550 5696,
734 1504 796 1542 sol.

235 1563 426 1609 34—34V,
453 1576 550 1601 saec.
571 1563 796 1602 XHineunt.

238 1621 344 1667 (olim
380 1622 419 1661 S.
448 1622 590 1661 Mariae
624 1624 673 1661 ad
700 1623 798 1661 Mar·

234 1681 364 1730 tyres).

182 1740 230 1778 L:
260 1740 394 1790 Incipit
404 1740 632 1779 miraculum
648 1741 694 1779 de
708 1740 798 1780 ima-

130 1798 217 1848 gine
254 1798 407 1837 Domini
451 1799 490 1838 in
530 1800 798 1839 Constantino-

131 1857 206 1907 poli
234 1859 340 1896 urbe.

210 1916 262 1955 A:
300 1918 393 1956 Item
432 1917 535 1956 aliud
572 1918 800 1957 miraculum

131 1976 178 2014 de
193 1975 359 2024 imagine
374 1977 528 2015 Domini
543 1978 644 2027 quod
658 1977 800 2016 factum

132 2040 189 2073 est
216 2034 256 2073 in
286 2035 622 2087 Constantinopoli.

186 2093 233 2132 C:
262 2094 357 2133 Item
377 2095 604 2134 miraculum
633 2096 679 2134 de
707 2095 802 2134 ima-

133 2153 219 2201 gine
257 2153 464 2193 Saluatoris
506 2154 545 2193 in
588 2154 802 2193 Constanti-

133 2212 262 2262 nopoli
290 2213 442 2252 sactum.

185 2270 238 2309 V:
280 2271 507 2310 Miraculum
550 2274 596 2311 de
635 2272 802 2323 imagine

132 2329 287 2368 Domini
356 2331 802 2383 Constantinopolitanae

132 2388 250 2427 urbis.

185 2448 252 2486 Est
282 2448 434 2498 quidem
455 2448 495 2487 in
524 2449 681 2488 ecclesia
696 2463 803 2489 sanc-

0 2509 118 2543 L223v
136 2511 196 2545 tae
233 2507 374 2557 Sophie
394 2506 409 2558 ΙΙ
429 2513 566 2558 puteus
602 2515 803 2560 coopertus

241 2613 288 2646 34
312 2613 457 2657 quidam
483 2614 528 2646 M

1571 1033 1619 1070 10

875 1327 904 1364 Ο
932 1343 983 1357 --
1013 1325 1103 1364 Cod.
1133 1326 1259 1365 Ottob.
1288 1326 1418 1374 (Rom)
1451 1328 1539 1376 169,
1572 1329 1618 1366 15

977 1386 1168 1431 (nv—62,
1197 1398 1294 1424 saec.
1324 1385 1403 1424 XII.

925 1444 1072 1491 Adhuc,
1102 1444 1250 1491 fratres,
1280 1445 1418 1492 audite,
1440 1445 1541 1494 quod

870 1503 1012 1542 factum
1042 1508 1098 1542 est
1135 1504 1298 1542 uerbum
1333 1503 1373 1542 in
1407 1504 1540 1542 diebus

871 1562 1026 1609 nostris,
1056 1568 1092 1601 et
1122 1562 1389 1612 obstupescite.
1430 1563 1541 1601 Intel-

870 1621 1028 1672 ligentes
1058 1621 1161 1660 enim
1189 1621 1384 1672 intelligite
1422 1627 1458 1661 et
1486 1622 1541 1660 in·
1570 1624 1621 1662 20

872 1681 1010 1719 clinate
1056 1681 1171 1719 corda
1219 1686 1342 1719 vestra
1384 1681 1431 1719 ad
1473 1681 1542 1719 Dei

870 1738 1073 1790 magnalia.
1129 1739 1213 1787 Que
1249 1744 1392 1790 quanto
1420 1740 1542 1790 magis

872 1798 1109 1845 admiranday
1155 1811 1200 1837 eo
1242 1798 1406 1849 amplius
1452 1805 1543 1838 sunt

871 1858 1112 1908 predicanda.
1167 1858 1222 1896 Eo
1256 1863 1427 1909 tempore
1454 1859 1544 1898 fide-

871 1917 966 1955 lium
987 1917 1138 1956 deuotio
1163 1918 1211 1955 ob
1231 1917 1442 1957 infidelium
1461 1931 1542 1969 per·
1571 1920 1623 1958 25

873 1976 1002 2015 fidiam
1031 1977 1193 2015 eandem
1213 1976 1423 2016 Saluatoris
1451 1978 1542 2016 ima-

874 2035 1000 2085 ginem
1032 2049 1053 2073 a
1082 2034 1228 2074 Biritho
1256 2036 1454 2075 transferri
1482 2036 1543 2075 de-

874 2094 993 2133 creuit
1005 2093 1043 2132 in
1060 2094 1446 2146 Constantinopolim,
1476 2095 1543 2134 ubi

873 2153 1029 2192 maioris
1057 2154 1270 2192 reuerentie
1289 2167 1333 2192 ac
1351 2153 1543 2205 religionis

874 2212 1163 2251 uenerationem
1184 2214 1410 2252 credebatur
1438 2213 1543 2252 habi·
1573 2214 1622 2251 30

875 2278 972 2310 tura.
1028 2271 1140 2318 Quod
1169 2277 1205 2310 et
1234 2272 1375 2311 factum
1413 2277 1470 2311 est
1508 2277 1544 2310 et

874 2331 911 2369 in
943 2330 1100 2370 ecclesia
1137 2335 1267 2370 sancte
1303 2330 1445 2382 Sophie
1478 2331 1544 2369 ho-

875 2389 1097 2429 norabiliter
1125 2390 1318 2429 collocata.

928 2449 994 2488 Est
1023 2450 1137 2488 etiam
1157 2448 1196 2488 in
1224 2449 1358 2488 eadem
1387 2448 1545 2488 ecclesia

875 2513 1012 2559 puteus
1062 2521 1178 2547 aureo
1225 2507 1461 2559 coopertorio
1509 2512 1544 2546 et
1573 2508 1623 2545 35
