1834 2967
685 159 733 162 —
791 139 840 175 99
896 159 947 162 —

107 273 222 310 super
242 273 381 299 aurum
398 260 561 310 positam
581 265 616 298 et
634 259 846 309 sigillatam,
866 260 1074 298 habentem
1097 261 1259 309 desuper
1280 266 1356 298 tres
1376 273 1520 299 cruces,

108 320 154 358 Et
183 325 432 358 numerantes
460 333 598 358 aurum
619 319 851 357 inuenerunt
871 331 1079 357 numerum
1100 319 1425 358 numismatorum
1452 320 1522 358 tria

99 379 211 433 'milia
239 381 543 429 quinyentorum.
599 378 645 416 Et
679 377 730 416 ait
759 377 988 416 Abramius:
1031 377 1079 415 Vt
1116 380 1240 423 uideo,
1281 379 1355 416 hoc
1384 392 1521 417 aurum

108 438 328 476 christiani*
357 437 557 476 cuiuslibet
584 439 675 485 fecit.
734 436 851 474 Video
884 436 987 474 enim
1017 449 1149 474 cruces
1179 449 1293 486 super
1322 438 1522 487 epistolam

109 498 324 535 secundum
353 497 468 535 fidem
497 496 660 534 illorum.
699 495 929 545 Aperiamus
945 497 1073 545 itaque
1093 500 1129 533 et
1148 495 1347 533 uideamus
1369 497 1458 544 quid
1482 497 1521 534 in

108 569 153 595 ea
169 557 352 606 scriptum
367 561 421 594 est
437 560 473 593 et
493 555 601 593 cuius
616 561 670 593 est
683 555 757 592 hoc
772 567 923 593 aurum.
962 554 1150 604 Aperiens
1166 560 1295 593 autem
1315 555 1521 593 Abramius

108 615 306 665 epistolam
336 619 371 653 et
400 628 483 652 cum
512 616 671 663 leqisset,
701 613 884 652 continuo
915 613 1046 652 cecidit
1084 626 1198 664 super
1227 626 1314 652 eum
1344 614 1458 652 timor
1486 620 1522 652 et

107 674 260 712 ebitudo
289 673 429 711 mentis
457 678 494 711 et
532 672 628 722 cepit
666 677 830 711 tremere
859 678 895 711 et
924 672 1106 723 palpitare
1144 672 1252 722 quasi
1290 686 1357 723 per
1385 674 1522 711 horam

106 745 238 772 unam.
280 733 474 770 Reuersus
494 736 624 770 autem
643 731 683 769 in
704 731 873 782 seipsum
893 731 1050 781 proiecit
1079 745 1120 770 se
1134 745 1285 782 pronus
1304 734 1347 770 in
1367 736 1522 778 terram,

106 792 277 830 clamans
306 796 343 830 et
371 791 519 830 dicens:
550 791 659 829 Vnus
679 791 782 829 Deus
811 793 998 840 maguus*
1027 796 1063 829 et
1091 804 1220 838 uerus7
1251 791 1400 844 qui-est
1420 791 1522 830 Deus

106 850 415 897 christianorum,
445 851 509 900 qui
538 850 625 888 facit
653 850 840 888 mirabilia
868 865 1043 901 mayna
1073 851 1189 889 solus.

213 968 259 1006 Et
287 967 532 1018 interrogavit
561 981 650 1006 eum
680 968 922 1018 dispensator
952 981 1046 1007 suus
1067 969 1169 1018 quod
1189 973 1289 1007 esset
1307 969 1382 1008 hoc
1410 970 1522 1008 mira-

107 1028 248 1067 culum.
310 1028 383 1066 C'm'
411 1029 485 1065 ait:
516 1027 600 1065 Hoc
628 1040 768 1065 aurum
797 1027 1029 1066 christianus
1064 1028 1125 1066 ille
1154 1028 1381 1066 Theodorus
1420 1028 1522 1066 misit

105 1088 152 1125 ad
181 1099 256 1125 me.
315 1086 358 1124 Et
386 1086 474 1136 legit
503 1086 701 1136 epistolam
740 1100 872 1125 coram
901 1086 1082 1125 omnibus
1122 1087 1186 1136 qui
1224 1087 1262 1125 in
1301 1088 1416 1126 domo
1454 1101 1524 1127 sua

104 1150 224 1192 erant,
254 1150 290 1184 et
309 1145 503 1184 intimauit
523 1145 594 1184 illis
615 1145 757 1184 omnia.
801 1147 857 1184 Et
887 1159 1022 1184 omnes
1051 1146 1363 1196 glorificauerunt
1385 1147 1521 1186 Deum.
1580 1173 1586 1183 .

106 1205 218 1243 Tunc
254 1204 462 1243 Abramius
505 1204 607 1243 dedit
649 1205 882 1243 cubiculario
924 1218 994 1243 suo
1031 1206 1199 1244 loculum
1229 1219 1317 1244 cum
1355 1219 1449 1244 auro
1487 1211 1524 1245 et

104 1263 304 1314 epistolam
334 1277 486 1302 necnon
515 1269 551 1302 et
581 1264 701 1313 sigilla
737 1277 812 1313 que
838 1264 1041 1311 habuerat,
1082 1264 1250 1315 precepit
1287 1267 1391 1315 ipse
1420 1265 1454 1304 ei
1482 1271 1523 1304 ut

103 1323 302 1373 diligenter
331 1328 502 1361 seruaret
530 1336 575 1361 ea
604 1336 726 1372 usque
755 1324 802 1361 ad
832 1324 1044 1362 aduentum
1063 1324 1267 1363 Theodori.
1306 1324 1397 1363 Erat
1417 1323 1522 1363 enim

104 1381 186 1432 ipse
199 1381 408 1420 Abramius
437 1382 650 1420 ammirans
671 1395 786 1432 super
805 1388 896 1421 tam
925 1384 1100 1421 mirabile
1120 1383 1261 1421 sactum
1282 1389 1318 1422 et
1347 1385 1522 1422 estuabat

105 1441 248 1491 animo,
278 1441 456 1480 nesciens
487 1441 576 1490 quid
612 1442 764 1488 faceret,
806 1447 935 1480 utrum
973 1448 1262 1481 conuerteretur
1301 1444 1349 1481 ad
1389 1456 1522 1482 ueram
1552 1446 1563 1464 ὑ

105 1501 220 1539 fidem
248 1500 566 1547 christianorum
597 1501 664 1539 sed
693 1502 918 1551 expectabat
947 1501 1162 1540 Theodori*
1191 1503 1412 1541 aduentum.

211 1620 460 1658 Pretereunte
487 1632 574 1658 vero
602 1619 770 1669 hyemali
799 1624 984 1670 tempore,
1024 1620 1171 1658 uernali
1205 1621 1354 1671 quidem
1393 1634 1522 1660 succe-

106 1679 232 1724 dente,
261 1678 467 1717 honerauit
496 1691 640 1716 nauem
660 1678 888 1717 Theodorus
919 1691 1006 1717 cum
1037 1678 1116 1717 suis
1137 1679 1295 1729 plumbo
1316 1684 1352 1718 et
1372 1684 1519 1730 stagno.

104 1737 150 1776 Et
190 1737 417 1787 nauigantes
455 1750 640 1788 prospero
681 1739 837 1786 flante
879 1743 1008 1783 uento,
1046 1738 1286 1788 gubernante
1327 1738 1410 1777 illos
1452 1740 1522 1777 Dei

106 1796 357 1846 prouidentia⁷
396 1796 494 1835 infra
524 1797 641 1835 breue
676 1802 828 1847 tempus
862 1797 1103 1836 intrauerunt
1133 1797 1519 1848 Constantinopolim.

106 1855 266 1905 Cognito
308 1860 436 1894 autem
478 1856 686 1894 Abramius
730 1857 898 1894 aduentu
941 1856 1152 1903 Theodori,
1197 1856 1367 1895 concito*
1405 1869 1520 1895 cursu

105 1914 300 1953 descendit
329 1915 376 1953 ad
404 1928 523 1953 mare.
580 1915 707 1953 Exiuit
736 1920 864 1953 autem
906 1920 940 1953 et
971 1915 1199 1953 Theodorus
1228 1915 1384 1954 obuiam
1413 1915 1446 1954 ei
1484 1921 1520 1954 et

105 1973 279 2012 uidentes
320 1986 361 2012 se
400 1973 567 2012 inuicem
611 1974 874 2012 salutauerunt
916 1987 957 2012 se
994 1974 1202 2012 honorifice
1249 1987 1337 2013 cum
1383 1975 1519 2025 gaudio

104 2045 259 2082 magno.
315 2032 362 2070 Et
391 2034 567 2072 sedentes
599 2033 735 2071 ambo*
765 2032 890 2080 simul,
921 2033 1113 2071 enarrauit
1143 2033 1370 2072 Theodorus
1399 2033 1519 2073 Abra-

106 2090 183 2129 mio
214 2091 344 2130 omnia
364 2105 438 2141 que
466 2091 516 2130 illi
537 2092 766 2137 acciderant,
796 2105 951 2130 necnon
972 2097 1008 2130 et
1038 2092 1232 2142 negotium
1261 2094 1362 2143 quod
1382 2093 1520 2132 fecerat

106 2149 146 2188 in
175 2155 311 2200 stagno
340 2155 376 2189 et
404 2151 562 2201 plumbo
591 2156 627 2189 et
657 2151 816 2200 qualiter
843 2152 1123 2200 hyemaueranc
1151 2152 1190 2190 in
1219 2151 1344 2191 insula
1373 2158 1408 2191 et
1430 2166 1520 2202 quo-

109 2210 224 2248 modo
254 2209 519 2248 transmiserat
548 2211 717 2248 loculum
746 2223 834 2248 cum
864 2223 968 2249 auro.

212 2327 420 2365 Abramius
456 2332 584 2366 autem
620 2328 754 2366 uolens
793 2328 956 2378 probare
987 2328 1248 2376 Theodorum,
1292 2329 1439 2368 nescire
1479 2343 1519 2368 se

215 2476 259 2507 ‘Lo'
287 2475 484 2508 aduentum
511 2474 568 2508 Ms
617 2475 660 2509 27
687 2476 799 2509 exiuit
825 2475 862 2509 ΞΓ

1577 499 1600 535 0(

1555 793 1602 830 10

1549 2094 1600 2131 30
