1834 2967
667 120 954 157 —111—

105 241 298 280 facinore?
355 242 401 280 Et
429 241 535 280 uenit
562 243 611 280 ad
638 242 817 281 abbatem
846 248 882 281 et
907 241 1000 280 dixit
1029 243 1081 281 ei:
1112 243 1296 281 Velociter
1325 243 1444 289 mitte,
1475 248 1516 281 ut

106 313 186 338 non
214 301 400 339 moriatur
428 301 554 339 frater.
611 302 773 339 quenta
801 307 891 340 sunt
919 301 1024 339 enim
1053 314 1162 340 sacra
1199 315 1304 340 uasa.
1361 303 1515 340 Mittens

106 365 234 398 autem
264 360 382 398 abbas
404 360 524 407 citius,
555 360 747 399 nuntiauit
766 361 838 399 hec
867 360 965 400 duci.
1021 361 1066 398 Et
1094 360 1274 398 dimissus
1303 367 1360 399 est
1387 362 1513 400 frater.

105 418 152 456 Et
180 419 423 457 adduxerunt
451 432 540 457 eum
559 419 598 457 in
628 418 844 457 cenobium.
892 419 938 457 Et
958 424 1141 469 ceperunt
1169 431 1304 457 omnes
1333 421 1380 457 ad
1399 421 1514 469 pedes

106 477 188 515 eius
217 477 412 527 procidere
441 478 627 516 dicentes:
649 476 664 527 Η
685 478 804 516 Parce
833 477 956 523 nobis,
988 477 1076 526 quia
1114 477 1357 527 peccauimus
1395 478 1434 516 in
1464 485 1511 517 te.
1530 485 1633 519 ElSO

105 536 189 586 lpse
219 549 309 574 uero
340 536 436 586 cepit
464 537 555 574 flere
575 535 589 586 ΙΙ
610 542 646 574 et
674 536 815 575 dicere:
845 536 1004 583 Parcite,
1035 549 1165 585 queso,
1194 536 1329 583 michi3
1368 538 1513 587 magni·
1531 544 1656 578 KIGQV

107 596 196 633 ficas
227 596 339 633 uobis
367 608 473 633 nunc
501 594 641 644 gratias
670 608 754 644 ago,
785 595 968 644 quoniam
1005 600 1159 645 propter
1188 608 1351 644 paruum
1379 595 1516 634 istum*

106 655 277 693 dolorem
306 668 490 704 magnum
519 653 636 692 michi
655 653 871 703 prestitistis
901 653 1150 704 refrigerium.
1208 654 1408 704 Magnifice
1437 655 1515 704 qui-

106 714 194 752 dem
223 714 437 763 gaudebam
467 725 632 763 semper,
661 713 845 762 quoniam
875 713 1078 751 audiebam
1105 714 1206 751 mala
1242 727 1316 762 que
1345 727 1367 752 a
1405 713 1515 752 nobis

106 772 330 810 dicebantur
372 773 579 810 aduersum
620 785 695 818 me,
734 772 916 821 quoniam
959 777 1113 822 propter
1151 772 1418 811 minima-hec
1452 774 1516 811 ob·
1549 775 1596 812 10

107 831 261 881 probria
290 836 326 869 et
346 830 609 881 despectiones
628 844 791 880 magnos
810 832 980 869 honores
1009 837 1045 869 et
1065 831 1269 881 dignitates
1298 831 1415 870 michi
1435 846 1516 882 pre-

106 889 279 940 parastis.
335 890 427 928 Plus
467 895 594 928 autem
636 890 752 928 modo
787 891 1016 939 gaudebam,
1057 890 1238 940 quoniam
1277 890 1364 929 talia
1401 891 1517 929 michi

107 949 263 995 fecistis3
308 955 576 988 uerumtamen
619 949 828 987 tribulabar
865 955 1019 999 propter
1062 962 1133 988 uos
1171 950 1235 999 qui
1279 963 1341 988 me
1378 950 1518 989 iniuste

107 1008 453 1059 persequebamini.
497 1007 753 1047 Prouidebam
774 1011 874 1047 enim
902 1009 1005 1047 bona
1026 1021 1099 1058 que
1124 1008 1242 1047 michi
1271 1014 1425 1059 propter
1444 1010 1518 1048 hoc

106 1068 413 1118 preparabantur
442 1068 480 1105 in
511 1081 630 1118 regno
659 1068 828 1106 celorum
857 1073 892 1106 et
926 1070 1205 1115 retributiones,
1241 1074 1274 1106 et
1309 1069 1518 1118 gaudenter
1550 1070 1597 1107 15

107 1126 344 1165 sustinebam
375 1126 515 1165 omnia.

213 1185 432 1235 Superuixit
468 1191 595 1224 autem
624 1191 701 1224 tres
737 1185 816 1225 dies
846 1192 883 1224 et
910 1185 961 1224 ita
998 1185 1177 1236 migrauit
1219 1187 1265 1225 ad
1295 1186 1516 1225 Dominum.

108 1245 153 1282 Et
182 1244 342 1283 ueniens
372 1258 472 1283 unus
501 1258 548 1283 ex
577 1245 755 1283 fratribus
785 1251 825 1284 ut
860 1245 1007 1284 uideret
1037 1246 1228 1294 quomodo
1257 1245 1428 1292 haberet,
1463 1246 1516 1283 in-

106 1303 213 1342 uenit
227 1317 314 1342 eum
335 1317 450 1353 super
469 1317 594 1353 genua
621 1303 822 1343 iacentem.
866 1304 1005 1342 Fuerat
1025 1303 1128 1342 enim
1148 1305 1336 1343 metanias
1356 1303 1517 1351 faciens3

107 1363 254 1401 orando
283 1362 336 1401 sic
373 1363 495 1401 reddit
532 1363 714 1402 animam.
771 1363 988 1402 Permansit
1022 1376 1114 1401 uero
1149 1376 1287 1413 corpus
1321 1363 1375 1401 sic
1411 1363 1518 1413 quasi
1547 1365 1599 1403 20

108 1420 263 1459 mittens
287 1420 489 1468 metanias,
517 1435 604 1460 cum
627 1427 727 1460 esset
755 1421 932 1460 exanime
961 1428 994 1460 et
1016 1424 1114 1473 quod
1139 1424 1273 1460 solitus
1291 1428 1375 1460 erat
1393 1423 1519 1469 fucere

110 1483 256 1530 zciuens,
284 1494 421 1530 corpus
449 1484 622 1520 exanime
641 1481 863 1521 testabatur.
907 1481 1075 1520 Currens
1096 1481 1259 1530 denique
1287 1481 1401 1519 frater
1422 1494 1518 1519 nun-

109 1539 221 1578 ciauit
248 1540 319 1578 hec
347 1539 488 1579 abbati.
544 1540 590 1578 Et
627 1539 794 1590 precepit
830 1541 944 1578 abbas
980 1541 1169 1579 adducere
1211 1553 1349 1590 corpus
1387 1540 1424 1578 in
1461 1553 1518 1578 ec-

109 1598 275 1645 clesiam,
314 1604 355 1637 ut
383 1598 455 1637 illic
484 1600 717 1650 sepeliretur.
775 1599 873 1638 Cum
911 1604 1039 1637 autem
1077 1605 1265 1648 ponerent
1303 1612 1392 1637 eum
1429 1605 1518 1637 ante

108 1657 238 1705 altare,
268 1659 434 1708 precepit
459 1658 614 1708 pulsare
633 1658 742 1708 signa
762 1664 803 1696 ut
823 1664 1148 1708 congregarentur
1168 1671 1303 1696 omnes
1325 1658 1388 1707 qui
1409 1663 1517 1696 erant
1546 1671 1557 1680 ⁹

110 1717 148 1755 in
186 1717 432 1764 monasterio,
475 1723 516 1756 ut
554 1730 641 1756 cum
679 1716 797 1767 gloria
838 1723 875 1756 et
911 1718 1060 1756 honore
1088 1723 1337 1767 reponeretur
1366 1730 1516 1767 corpus.

110 1775 207 1814 Cum
243 1788 335 1814 uero
372 1782 709 1826 congregarentur,
748 1777 902 1815 uolebat
937 1776 1203 1826 unusquisque
1237 1777 1370 1814 tollere
1405 1777 1517 1814 bene-

110 1834 315 1873 dictionem
344 1848 390 1874 ex
420 1835 501 1874 eius
530 1835 709 1885 reliquiis.
754 1835 898 1874 Videns
928 1841 1057 1874 autem
1087 1836 1157 1873 bec
1186 1836 1318 1882 abbas,
1348 1835 1518 1885 reposuit

110 1907 249 1944 corpus
278 1894 316 1932 in
345 1894 592 1933 secretarium
622 1900 658 1933 et
695 1895 829 1933 clausit
858 1894 1056 1945 diligenter
1091 1900 1126 1933 et
1161 1894 1264 1933 misit
1301 1894 1450 1933 clauem
1478 1895 1516 1932 in

111 1953 237 1991 sinum
279 1966 405 2000 suum,
447 1955 569 1992 donec
606 1953 782 1992 uenirent
820 1959 856 1992 et
890 1954 951 1992 alii
989 1953 1159 1998 abbates,
1199 1958 1240 1992 ut
1277 1953 1519 1992 conmuniter
1547 1955 1599 1992 30

112 2012 316 2062 sepelirent
344 2026 444 2051 eum.

217 2070 264 2109 Vt
293 2077 420 2110 autem
449 2071 555 2110 uenit
583 2077 689 2122 pater
709 2071 839 2122 magni
859 2071 1082 2110 monasterii
1103 2084 1190 2110 cum
1211 2070 1367 2118 clericis,
1390 2070 1405 2122 ΙΙ
1425 2071 1518 2110 fece·
1539 2078 1561 2111 S
1575 2078 1621 2111 90

112 2136 203 2168 runt
232 2129 451 2169 oracionem
480 2132 693 2169 secundum
723 2130 1040 2169 consuetudinem
1080 2135 1116 2168 et
1157 2130 1335 2168 dixerunt
1372 2131 1517 2169 abbati:

111 2189 228 2239 Aperi
248 2194 285 2227 et
304 2190 399 2227 educ
419 2202 557 2240 corpus
577 2195 619 2228 ut
648 2189 862 2240 sepeliatur,
893 2189 1076 2239 quoniam
1104 2189 1201 2228 hora
1220 2189 1296 2228 iam
1326 2203 1430 2228 nona
1450 2196 1517 2228 est.

112 2249 156 2286 Et
185 2247 360 2298 aperiens
380 2247 495 2286 nichil
516 2247 530 2298 ΙΙ
550 2247 698 2287 inuenit
718 2248 791 2287 nisi
820 2250 901 2287 sola
921 2249 1151 2287 uestimenta
1171 2247 1252 2287 eius
1279 2254 1315 2287 et
1334 2249 1517 2287 sandalia.
1532 2254 1637 2288 K163

113 2307 158 2346 Et
187 2320 322 2345 omnes
342 2320 483 2357 pauore
508 2306 628 2346 nimio
657 2307 818 2358 correpti
838 2312 1020 2358 ceperunt
1047 2307 1227 2346 admirari
1247 2313 1283 2346 et
1311 2308 1521 2357 glorificare

1547 1660 1596 1698 ἱόἐ

219 2457 240 2490 3
258 2456 366 2489 cicius
391 2456 467 2489 EK
527 2456 549 2489 5
566 2456 756 2499 procedere
780 2454 829 2490 S²
854 2456 894 2496 (5²)
964 2456 1004 2489 13
1030 2465 1157 2489 uerum
1183 2465 1257 2489 non
1280 2455 1356 2489 ΕΚ
1417 2455 1462 2488 20
1486 2458 1520 2488 et

113 2509 248 2543 orando
266 2510 341 2542 EK
386 2508 537 2542 reddidit
562 2510 637 2542 ΕΚ
683 2510 727 2542 22
744 2509 863 2552 itaque
881 2509 957 2542 EK
1003 2509 1048 2542 23
1066 2509 1193 2542 adduci
1212 2509 1288 2542 EK
1333 2508 1378 2541 24
1395 2508 1520 2551 sepeli-

113 2566 237 2596 rentur
262 2561 310 2596 S¹
359 2563 403 2595 25
429 2562 561 2605 pulsari
578 2561 670 2596 E²K
715 2563 759 2596 29
778 2561 827 2596 et¹
853 2562 900 2595 SS
946 2561 1111 2605 misitque
1128 2562 1206 2596 EK
1252 2561 1298 2594 30
1323 2561 1461 2595 ueniret
1478 2559 1519 2594 S¹

114 2615 159 2649 34
183 2619 222 2649 ut
247 2616 300 2650 Sm
349 2626 445 2649 nona
469 2614 541 2649 iam
567 2616 608 2650 K
653 2616 698 2649 35
724 2615 904 2649 scandalia
929 2613 1065 2649 S¹E¹K
1111 2616 1155 2648 36
1181 2614 1358 2648 admirare
1383 2613 1433 2647 E¹
