1834 2967
698 132 961 170 *33*

125 255 172 293 Et
201 268 285 294 sera
314 256 410 294 facta
439 256 543 294 uenit
573 261 609 294 et
637 256 720 294 tulit
747 269 810 294 me
839 262 874 294 et
903 256 996 294 alios
1030 255 1165 293 fratres
1203 256 1415 294 secundum
1445 268 1533 294 con-

127 315 369 353 suetudinem
390 328 500 353 suam
520 320 556 353 et
584 315 817 353 ministrauit
837 315 948 352 nobis
979 314 1263 353 officiosissime.
1306 314 1385 364 Ego
1406 319 1533 353 autem

127 377 167 411 ut
196 373 273 411 uidi
302 374 578 423 benignitatem
607 373 722 420 senis,
761 373 842 424 cepi
879 372 1050 411 ieiunare
1087 373 1318 412 ebdomadas
1354 374 1532 424 integras,

128 432 366 472 obsecrando
394 433 518 471 Deum
548 438 589 471 ut
616 432 668 470 illi
696 432 879 471 tribueret
908 432 1111 482 superflua,
1140 437 1182 470 ut
1209 432 1368 470 baberet
1395 433 1497 471 unde
1518 432 1674 482 HKIHV

126 491 286 541 pleniter
315 491 497 530 tribueret
525 491 606 530 aliis
635 497 671 530 et
699 492 798 529 bene
825 491 977 529 faceret.
1588 493 1611 530 5

233 550 278 588 Et
290 563 378 589 cum
389 550 619 589 ieiunassem
636 552 733 588 tres*
750 550 982 588 ebdomadas
996 554 1060 587 aut
1075 550 1173 600 plus,
1194 549 1365 588 iacebam
1380 549 1420 588 in
1435 555 1536 588 terra

126 621 193 658 pre
221 609 361 648 ieiunio
383 609 489 658 quasi
517 614 704 647 mortuus.
760 608 807 647 Et
834 608 912 646 uidi
937 609 1130 658 quendam
1155 608 1261 647 iuxta
1280 622 1341 647 me
1369 614 1534 647 stantem

127 680 213 706 curn
234 668 443 706 uenerabili
472 667 615 706 canicie
639 667 905 717 dicentemque
928 666 1063 706 michi:
1093 667 1193 714 Quid
1213 667 1347 714 habes,
1377 668 1534 706 Daniel?

126 726 172 764 Et
201 726 260 765 aio
288 727 336 765 ad
364 739 470 765 eum:
501 727 672 765 Verbum
700 726 786 765 dedi
807 726 958 765 Christo
987 740 1067 765 non
1098 731 1251 776 gustare
1278 740 1430 776 panem,
1461 726 1535 764 nisi

127 785 286 824 audierit
304 798 367 823 me
386 790 540 835 propter
559 785 761 834 Eulogium
782 785 980 832 latonium,
1009 791 1051 824 ut
1071 786 1132 824 det
1160 785 1210 823 illi
1231 785 1534 824 benedictionem
1567 786 1614 824 10

126 849 168 882 ut
195 844 325 882 multis
364 844 447 882 aliis
476 844 697 883 benefaciat.
754 844 799 883 Et
837 844 930 882 dixit
966 844 1102 883 michi:
1139 844 1404 894 Nequaquam,
1447 843 1535 893 quia

125 903 224 941 bene
252 908 309 941 est
345 904 473 942 modo.
529 903 575 941 Et
603 903 680 942 dixi
708 903 759 942 ei:
803 904 920 950 Bene,
962 903 1137 950 domine;
1172 902 1187 953 ΙΙ
1220 904 1285 942 sed
1327 904 1375 942 da
1408 903 1460 941 illi
1495 908 1653 943 utE165

125 975 260 1000 omnes
288 962 499 1012 glorificent
518 976 660 1001 nomen
681 967 791 1001 tuum
819 968 1008 1002 sanctum.
1047 963 1093 1001 Et
1121 962 1215 1001 dixit
1242 962 1358 1001 michi
1377 962 1534 1001 iterum:

125 1020 203 1070 Ego
239 1021 321 1059 dico
357 1021 437 1068 tibi,
476 1022 564 1071 quia
598 1021 724 1061 bonus
763 1027 836 1068 est;
879 1027 1008 1060 tamen
1047 1021 1077 1060 si
1105 1022 1165 1060 uis
1202 1027 1244 1060 ut
1281 1021 1447 1060 tribuam
1483 1021 1536 1059 illi

125 1080 306 1129 pluriora,
336 1081 462 1131 accipe
491 1081 661 1119 animam
681 1081 762 1120 eius
790 1080 831 1119 in
860 1082 933 1120 fide
961 1086 1039 1128 tua,
1068 1086 1110 1119 ut
1129 1081 1296 1119 saluetur
1325 1080 1364 1118 in
1384 1080 1533 1127 multis;
1567 1081 1614 1118 15

126 1143 163 1177 et
203 1151 271 1189 ego
314 1140 414 1178 dabo
453 1139 519 1178 illi.
574 1140 660 1178 Dixi
702 1145 830 1179 autem
869 1139 920 1178 illi
959 1146 993 1178 et
1028 1153 1109 1190 eqo:
1148 1140 1204 1177 De
1232 1139 1411 1178 manibus
1439 1139 1536 1178 meis

126 1198 275 1247 require
304 1198 474 1237 animam
503 1198 595 1239 eius.
618 1197 633 1249 ΙΙ
1551 1203 1630 1237 SSO

233 1257 279 1295 Et
312 1257 390 1296 uidi
431 1258 613 1308 quoniam
650 1258 690 1296 in
731 1263 863 1296 sancta
892 1257 1187 1296 Resurrectione
1223 1257 1433 1295 stabamus.
1490 1257 1535 1295 Et

126 1315 253 1354 infans
283 1317 437 1355 sedebat
466 1330 579 1367 super
607 1316 771 1367 lapidem
801 1322 997 1363 sanctum;
1037 1322 1072 1355 et
1108 1316 1220 1354 uideo
1249 1316 1451 1366 Eulogium
1489 1316 1537 1354 ad

127 1376 323 1413 dexteram
353 1375 433 1414 eius
468 1381 644 1415 stantem.
701 1376 747 1414 Et
780 1375 884 1414 misit
912 1376 1038 1415 infans
1067 1376 1257 1425 quendam
1298 1388 1344 1414 ex
1379 1376 1534 1414 circum·
1565 1376 1616 1414 ΞΟ

128 1434 318 1473 stantibus
347 1434 418 1473 sibi
448 1440 484 1473 et
503 1434 554 1473 ait
582 1434 716 1473 michi:
747 1434 807 1473 Tu
827 1448 867 1473 es
897 1435 961 1484 qui
989 1434 1027 1472 in
1058 1434 1132 1472 fide
1151 1439 1216 1473 tua
1245 1433 1405 1484 suscipis
1425 1434 1536 1472 Eulo-

127 1493 256 1542 gium?
311 1494 356 1532 Et
385 1493 515 1532 dicunt
544 1507 698 1533 omnes:
741 1493 885 1540 Eciam,
924 1494 1154 1534 dominator.
1210 1493 1256 1531 Et
1293 1493 1344 1531 ait
1379 1494 1535 1532 iterum:

127 1551 246 1591 Dicite
274 1553 325 1590 illi
353 1553 535 1602 quoniam
562 1554 666 1591 hanc
685 1552 962 1592 fideiussoriam
989 1552 1182 1602 requirere
1209 1553 1346 1591 habeo.
1384 1553 1428 1590 Et
1449 1565 1535 1601 ego:

127 1611 263 1658 Etiam,
294 1611 521 1659 dominator,
552 1625 598 1651 ex
614 1626 687 1651 me.
735 1613 905 1651 Tantum
932 1612 1140 1662 multiplica
1159 1611 1192 1650 ei
1212 1611 1535 1665 benediccionem.

128 1670 173 1708 Et
202 1683 287 1709 ecce
316 1671 426 1709 uideo
447 1671 629 1721 quoniam
649 1673 724 1710 duo
746 1671 901 1721 quidam
929 1672 1140 1710 fundebant
1168 1670 1207 1708 in
1238 1671 1366 1709 sinum
1391 1669 1537 1720 Eulogii
1565 1671 1616 1709 25

128 1730 290 1768 multas*
310 1730 509 1780 pecunias3
531 1737 565 1769 et
585 1737 916 1780 quantascumque
935 1730 988 1769 illi
1012 1731 1235 1776 fundebant,
1265 1730 1372 1768 sinus
1391 1729 1538 1779 Eulogii

129 1788 344 1838 recipiebat.
384 1790 429 1828 Et
459 1803 548 1829 cum
567 1790 752 1829 excitatus
773 1791 944 1837 fuissem,
974 1790 1114 1840 agnoui
1135 1789 1316 1839 quoniam
1337 1788 1538 1827 exauditus

130 1861 266 1894 essem,
296 1853 332 1887 et
359 1849 567 1899 glorificaui
596 1850 731 1888 Deum.

235 1907 415 1957 Eulogius
435 1914 562 1947 autem
584 1922 673 1947 cum
692 1914 791 1947 esset
812 1910 858 1947 ad
878 1921 994 1958 opera
1013 1921 1095 1953 sua,
1124 1907 1311 1958 percussit
1331 1907 1370 1945 in
1390 1912 1539 1956 petram

131 1972 168 2005 et
195 1966 340 2006 audiuit
369 1968 476 2017 quasi
505 1968 687 2007 tinnitum
725 1968 876 2018 aliquod
906 1974 942 2006 et
970 1966 1118 2005 inuenit
1151 1967 1323 2004 foramen
1362 1979 1537 2016 paruum.
1567 1967 1618 2004 30

130 2026 176 2064 Et
204 2026 341 2064 iterum
371 2027 557 2077 percussit
579 2033 615 2066 et
643 2027 791 2066 inuenit
811 2028 1035 2077 speluncam
1063 2026 1216 2076 plenam
1244 2025 1415 2075 pecuniis
1444 2025 1538 2063 mul-

132 2091 246 2135 toque
275 2091 422 2134 questu.
478 2087 628 2125 Pauore
656 2092 785 2125 autem
815 2086 935 2124 nimio
965 2086 1255 2135 conprehensus
1290 2084 1401 2123 dixit:
1439 2084 1539 2132 Quid

131 2144 293 2183 faciam?
348 2145 565 2195 Deportabo
594 2159 679 2184 eam
708 2147 755 2184 ad
784 2145 940 2184 uillam?
996 2144 1072 2183 Sed
1101 2143 1227 2182 audiet
1255 2143 1432 2194 princeps
1467 2143 1540 2182 loci

131 2209 167 2242 et
196 2203 300 2242 tollet
329 2216 412 2242 eam
442 2210 477 2243 et
506 2218 575 2255 ego
603 2205 862 2255 periclitabor3
893 2206 958 2243 sed
986 2204 1146 2254 portabo
1176 2216 1260 2241 eam
1289 2202 1328 2240 in
1358 2208 1540 2241 extranea

131 2263 214 2301 loca
241 2263 348 2312 quasi
378 2264 425 2301 ad
459 2269 594 2313 portan
622 2265 713 2303 dum
741 2264 887 2314 lapides
926 2264 972 2301 de
1006 2268 1131 2301 nocte.
1188 2261 1410 2312 Deportauit
1448 2266 1659 2300 uer0K148

242 2416 257 2450 1
287 2420 321 2450 et
347 2416 445 2450 uenit
470 2416 523 2450 Ks
568 2416 591 2449 4
615 2415 695 2450 trib.
713 2416 765 2450 illi
789 2417 831 2451 K
886 2416 907 2450 S
932 2426 972 2450 ac
997 2415 1174 2450 dicentem
1199 2416 1242 2450 K
1297 2416 1341 2449 10
1365 2415 1541 2449 latomum

132 2471 213 2506 ΕΚ
227 2470 267 2511 (2³)
320 2470 362 2503 13
388 2471 551 2503 sanctum
576 2472 680 2503 tuum
698 2469 739 2503 K
787 2470 830 2503 15
847 2469 1001 2513 plurima
1019 2469 1099 2503 ΕΚ
1142 2469 1258 2512 recipe
1275 2469 1355 2503 ΕΚ
1402 2469 1444 2502 16
1462 2467 1540 2510 illi¹]

135 2524 165 2558 ei
190 2524 245 2563 K;
272 2522 349 2565 illi2]
377 2522 409 2556 ei
433 2523 514 2557 ΕΚ
567 2522 612 2556 24
638 2523 852 2565 dominator]
884 2525 922 2562 -ί-
951 2521 1095 2556 domine
1119 2522 1160 2556 E
1213 2521 1262 2555 illi
1288 2521 1364 2556 ΕΚ
1420 2521 1466 2555 25
1491 2521 1541 2554 in-

133 2576 331 2611 fundebant
355 2576 435 2610 ΕΚ
442 2588 449 2617 ;
475 2575 633 2618 fundeb.]
663 2578 702 2617 -†—
729 2576 917 2619 pecuniam
944 2575 1093 2609 multam
1124 2576 1158 2608 K
1213 2575 1257 2608 26
1283 2576 1486 2617 quantamc.
1503 2574 1546 2608 K

134 2631 178 2664 27
206 2629 357 2672 cognoui
384 2629 423 2663 K
470 2628 514 2662 ⁶28
540 2629 687 2663 fuissem
712 2629 790 2663 EK
838 2629 877 2663 31
908 2628 1058 2672 pecunia
1084 2626 1160 2668 K²3
1186 2627 1376 2671 pecuniam
1400 2627 1454 2661 K¹

1365 2696 1398 2724 6*
