1834 2967
821 117 1085 154 —32-

133 249 232 283 S79v
249 248 306 281 est
333 241 394 280 ille
423 254 540 280 senex
561 246 597 279 et
617 242 718 279 unde
739 253 828 279 eum
847 239 1048 290 agnoscis?
1105 240 1150 278 Et
1170 239 1291 278 noluit
1328 239 1342 290 Η
1362 240 1395 278 ei
1424 239 1559 279 dicere.
1616 241 1664 279 Et

250 301 389 340 iterum
418 300 578 350 rogabat
606 313 694 338 eum
724 300 871 338 dicens:
902 299 986 337 Alia
1014 299 1135 337 multa
1163 298 1299 337 michi*
1319 298 1520 345 credidisti,
1550 305 1586 337 et
1615 300 1663 338 de

249 361 323 399 hoc
352 373 443 398 sene
471 359 587 398 michi
615 372 694 397 non
725 358 872 397 credis?
911 358 1108 396 Habuerat
1137 357 1240 396 enim
1260 357 1313 396 illi
1333 357 1493 397 creditas
1521 359 1664 397 multas

250 419 410 457 uirtutes
440 424 662 457 sanctorum
691 417 914 456 multorum.
972 416 1099 455 Senex
1129 422 1257 455 autem
1293 417 1511 455 nullatenus
1541 417 1662 456 noluit

199 480 222 517 5
251 478 355 517 fratri
393 477 516 516 dicere
553 478 600 516 de
637 477 721 515 illo*
759 489 861 515 sene.
918 476 961 514 In
1000 481 1151 514 tantum
1191 489 1283 514 uero
1319 475 1564 514 contristatus
1606 481 1664 515 est

250 538 377 584 frater,
407 542 448 575 ut
476 536 530 575 ei*<
559 536 722 586 amplius
752 548 830 573 non
858 535 1090 584 loqueretur.

349 596 516 634 Veniens
554 601 682 634 autem
721 596 835 633 frater
871 595 917 632 ad
955 594 1149 644 propriam
1184 595 1371 639 cellulam,
1414 608 1492 633 non
1529 594 1664 644 optulit

124 661 230 696 K147
251 654 333 694 seni
362 655 424 694 uel
452 655 654 705 paruulam
685 667 825 700 escam,
858 653 954 691 sicut
984 653 1116 692 solitus
1146 654 1279 692 fuerat.
1337 654 1465 692 Senex
1498 659 1625 692 autem
1648 653 1663 704 Η

251 714 356 754 omni
386 720 557 764 tempore
584 713 661 752 uite
691 726 759 751 sue
787 712 1033 751 undecimam
1065 712 1202 751 horam
1236 713 1467 751 obseruabat
1495 714 1540 752 ad
1563 727 1663 752 com-

175 776 222 813 10
249 774 495 813 medendum.
552 773 719 822 Vespere
747 778 874 810 autem
895 772 1005 819 facto,
1035 771 1140 810 uenit
1161 785 1278 811 senex
1308 773 1354 811 ad
1385 773 1519 811 cellam
1538 772 1667 811 fratris

250 838 286 872 et
329 833 380 871 ait
420 832 470 871 ei:
512 831 613 879 Quid
655 837 726 878 est⁷
769 831 845 870 fili?
915 830 1100 869 Dimisisti
1137 837 1284 881 patrem
1320 838 1430 870 tuum
1463 832 1562 870 mori
1598 845 1666 882 pre

249 892 374 930 fame?
429 891 504 938 Qui
532 890 602 929 ait:
633 890 712 940 Ego
742 895 890 940 patrem
927 903 1005 928 non
1034 890 1170 929 habeo.
1230 889 1270 928 Si
1308 890 1411 929 enim
1439 891 1664 929 habuissem

250 956 410 1001 patrem⁷
450 950 604 999 diligere
633 949 763 998 utique
791 950 980 988 habuerat
1022 949 1143 987 filium
1172 962 1299 988 suum.
1337 971 1383 976 —
1420 950 1533 989 Nunc
1575 963 1665 1000 ergo

250 1009 437 1048 ministra.
494 1008 542 1046 Et
570 1008 822 1058 apprehendit
851 1021 969 1046 senex
1003 1007 1195 1046 hostium*
1224 1009 1314 1047 celle
1355 1013 1396 1047 ut
1436 1008 1599 1058 aperiret
1628 1013 1664 1047 et

175 1071 222 1109 15
252 1068 382 1107 exiret.
438 1067 607 1106 Currens
636 1072 764 1105 autem
793 1067 909 1105 frater
938 1067 1191 1117 apprehendit
1228 1080 1362 1106 senem
1401 1073 1436 1106 et
1473 1067 1571 1117 cepit
1607 1080 1664 1106 os—

109 1135 237 1169 E164v
252 1126 367 1166 culari
396 1127 512 1177 pedes
541 1126 622 1164 eius
652 1131 688 1165 et
717 1126 856 1165 dicere:
896 1125 999 1164 Viuit
1028 1126 1217 1165 Dominus
1256 1126 1342 1176 quia
1379 1140 1457 1165 non
1480 1125 1494 1177 ΙΙ
1515 1126 1668 1165 dimitto

252 1192 299 1233 te,
329 1186 403 1224 nisi
432 1185 570 1224 michi*
599 1185 738 1224 dixeris
769 1185 852 1235 quis
882 1191 939 1224 est
968 1199 1086 1224 senex
1116 1186 1185 1225 ille.
1242 1185 1331 1224 Non
1366 1191 1513 1236 poterat
1549 1186 1666 1225 frater

251 1245 381 1284 uidere
410 1258 543 1284 senem
572 1246 856 1284 conturbatum.
898 1245 1062 1283 Multum
1082 1245 1187 1284 enim
1208 1245 1385 1296 diligebat
1413 1258 1514 1284 eum.
1555 1245 1666 1284 Tunc

251 1304 344 1343 dixit
389 1304 440 1342 illi
484 1317 620 1343 senex:
667 1305 742 1343 Fac
788 1304 904 1342 michi
951 1304 1145 1343 modicum
1194 1306 1295 1354 quod
1339 1306 1581 1343 commedam
1629 1309 1665 1344 et

171 1366 222 1404 20
251 1364 373 1403 dicam
399 1362 477 1402 tibi.

359 1423 457 1461 Cum
484 1427 613 1461 autem
634 1422 916 1469 commedisset,
947 1423 1039 1461 dixit
1059 1422 1163 1461 fratri
1184 1436 1321 1462 senex:
1351 1423 1436 1461 Noli
1465 1436 1550 1462 esse
1570 1424 1665 1462 dura

253 1482 414 1528 ceruice;
445 1494 514 1532 pro
543 1495 587 1520 eo
618 1483 718 1531 quod
748 1482 915 1521 restitisti
935 1482 1051 1520 michi
1080 1482 1118 1520 in
1149 1482 1251 1531 uilla,
1281 1485 1364 1521 *ideo
1390 1496 1470 1521 non
1499 1482 1667 1521 indicaui

252 1541 330 1580 tibi.
389 1541 482 1579 Vide
511 1547 638 1579 autern
668 1542 769 1591 quod
808 1555 885 1579 non
923 1543 1109 1580 secundes
1146 1542 1221 1580 hoc
1256 1543 1358 1591 quod
1393 1542 1535 1580 audies.
1593 1541 1667 1580 Hic

252 1606 380 1639 autem
422 1613 539 1639 senex
568 1600 749 1650 Eulogius
794 1605 967 1647 vocatur3
1011 1606 1132 1639 artem
1172 1614 1263 1639 uero
1302 1602 1418 1639 habet
1446 1601 1663 1640 latonicam.

173 1661 222 1699 ⁶25
252 1660 366 1698 Tollit
386 1664 513 1698 autem
534 1660 580 1697 de
600 1673 714 1710 opere
733 1673 921 1698 manuum
942 1673 1099 1698 suarum
1119 1673 1185 1710 per
1207 1660 1306 1698 diem
1327 1660 1501 1698 keracion
1529 1673 1665 1699 unum.

252 1719 380 1769 Vsque
400 1720 446 1757 ad
476 1732 678 1769 uesperam
699 1732 791 1758 uero
810 1719 1028 1758 nullatenus
1049 1724 1186 1769 gustat.
1227 1720 1341 1758 Facto
1357 1725 1483 1758 autem
1506 1733 1665 1769 uespere

251 1779 367 1817 intrat
395 1779 434 1816 in
464 1778 595 1817 uillam
615 1784 651 1817 et
681 1778 1030 1828 quocienscumque
1049 1779 1239 1817 inuenerit
1267 1779 1450 1829 hospites,
1481 1785 1604 1829 portat
1626 1779 1664 1817 in

251 1839 410 1876 domum
440 1851 550 1876 suam
581 1843 616 1876 et
645 1837 765 1876 nutrit
794 1838 876 1876 illos
897 1843 933 1876 et
964 1839 1064 1887 quod
1093 1838 1319 1888 superfuerit
1348 1839 1664 1887 fragmentorum,

251 1897 364 1936 mittit
385 1897 558 1944 canibus,
588 1902 629 1935 ut
658 1896 795 1936 uidisti.
837 1897 963 1936 Habet
983 1897 1086 1935 enim
1106 1903 1227 1936 artem
1256 1897 1462 1936 latonicam
1491 1911 1512 1936 a
1533 1897 1664 1936 iuuen-

171 1959 222 1996 30
251 1961 329 1994 tute
359 1969 428 1994 sua
470 1969 592 2006 usque
636 1969 751 1995 nunc.
809 1957 876 1995 Est
918 1962 1046 1995 autem
1084 1970 1274 1995 annorum
1320 1963 1476 1995 centum
1515 1962 1550 1995 et
1589 1970 1664 1995 non

250 2016 424 2066 amplius.
481 2016 526 2054 Et
556 2015 686 2054 tribuit
722 2016 772 2054 illi
802 2016 904 2054 Deus
933 2016 1125 2063 uirtutem,
1168 2017 1262 2055 sicut
1300 2016 1339 2054 in
1380 2016 1590 2063 iuuentute,
1629 2021 1664 2054 et

248 2075 396 2113 laborat
426 2074 577 2113 cottidie
607 2075 777 2113 keration
808 2088 921 2113 suum
951 2088 1107 2125 semper.

354 2133 518 2180 Quando
548 2139 676 2172 autem
705 2147 811 2172 eram
842 2133 991 2172 iuuenis
1021 2140 1108 2172 ante
1138 2134 1208 2172 hos
1239 2135 1489 2184 quadraginta
1526 2146 1665 2181 annos,

247 2192 401 2231 ascendi
430 2197 471 2230 ut
500 2193 710 2231 uenderent
748 2206 863 2243 opera
892 2206 1079 2231 manuum
1110 2207 1283 2232 mearum
1320 2193 1357 2231 in
1387 2193 1516 2232 uillam
1547 2193 1662 2231 illam.

352 2399 372 2433 3
399 2399 499 2433 mult.
519 2402 628 2433 sanct.
647 2400 687 2434 Ε
741 2401 758 2433 7
787 2400 911 2434 cellam
938 2400 1016 2434 ΕΚ
1069 2399 1198 2433 obtulit
1223 2400 1304 2434 ΕΚ
1358 2401 1380 2435 8
1406 2400 1494 2443 seni]
1522 2401 1620 2434 fratri
1640 2402 1666 2433 S

248 2453 290 2485 10
328 2452 458 2495 fratris]
511 2454 549 2493 -†—
591 2452 645 2486 sui
689 2454 768 2488 ΕΚ
865 2454 907 2487 14
954 2453 1227 2497 apprehendens
1273 2455 1351 2489 8111
1449 2454 1578 2488 ostium
1626 2455 1666 2489 E

249 2506 289 2538 1ss
317 2505 494 2539 dimittam
523 2506 603 2540 ΕΚ
660 2506 700 2539 17
728 2507 773 2540 sit
798 2506 857 2540 ille
884 2517 990 2541 senex
1019 2508 1070 2545 E:
1104 2518 1211 2541 senex
1238 2507 1296 2541 ille
1323 2507 1367 2541 sit
1394 2507 1433 2542 K
1494 2508 1534 2541 18
1560 2507 1661 2542 illum

247 2558 326 2592 ΕΚ
373 2560 417 2592 23
443 2558 545 2592 audis
570 2559 650 2593 ΕΚ
696 2559 741 2592 <24
767 2563 801 2593 et
828 2563 892 2595 art.
912 2560 1036 2594 habuit
1062 2560 1121 2594 lat.
1139 2561 1220 2595 ΕΚ
1274 2561 1318 2594 :25
1344 2571 1473 2595 manus
1497 2571 1560 2595 sue
1584 2561 1665 2595 ΕΚ

248 2611 427 2645 clieration
464 2612 544 2647 ΕΚ
605 2613 648 2645 27
683 2616 992 2656 quantoscumque
1018 2614 1096 2648 ΕΚ
1158 2615 1198 2647 31
1238 2613 1338 2656 sicut]
1369 2616 1407 2656 -Ι-
1437 2614 1561 2648 habuit
1586 2614 1666 2648 ΕΚ
