1834 2967
826 124 1090 161 —92—

151 254 235 288 T75
254 248 500 286 atrahebatur
528 247 567 286 in
608 247 866 298 semetipsam.
923 246 1040 297 Igitur
1070 248 1164 285 dum
1192 252 1362 286 astarent
1399 246 1461 285 isti
1499 247 1668 298 11110111,ΙΙ

252 320 338 345 0000
366 306 480 345 uideo
510 308 607 345 duos
629 306 791 345 iuuenes
821 307 1002 356 pulchros
1023 305 1236 345 uenientes.
1280 306 1326 344 Et
1345 309 1475 345 statim
1504 313 1545 345 ut
1566 309 1666 345 uidit

250 378 309 404 eos
338 369 468 404 aazima
497 380 593 415 mea,
632 365 818 404 continuo
847 365 994 404 uolauit
1023 365 1063 404 in
1100 379 1241 404 manus
1276 365 1443 412 illorum,
1481 371 1518 404 et
1557 364 1667 415 quasi

110 430 237 463 BtOOV
250 425 418 463 uolando
439 424 453 474 Η
474 425 758 464 transiebamus
794 432 934 463 aerem.
1000 424 1299 463 Inueniebamus
1341 437 1430 474 ergo
1474 424 1668 463 custodias

201 485 224 522 5
253 483 438 534 publicas,
470 497 543 534 que
573 484 833 523 obseruabant
861 484 978 523 uiam.
1036 484 1082 522 Et
1116 489 1291 522 tenentes
1326 483 1410 522 illos
1447 483 1513 533 qui
1541 489 1667 534 porta-

251 543 345 581 bant
372 556 446 590 me,
477 543 667 582 rationem
686 543 879 582 faciebant
898 544 944 581 de
972 556 1046 582 me.
1104 543 1189 581 Vna
1209 556 1362 592 quoque
1391 542 1563 581 custodia
1583 548 1667 581 erat

251 603 298 640 de
327 602 492 652 propriis
521 602 704 653 peccatis:
734 616 814 641 uno
844 604 890 640 de
918 602 1140 649 homicidio,
1171 602 1244 641 alia
1264 603 1310 640 de
1338 601 1497 648 fallacia,
1528 601 1601 640 alia
1621 603 1669 640 de

252 661 445 711 superbia.
502 662 559 707 Et,
599 667 641 700 ut
670 661 885 709 didicimus,
929 663 1236 711 unumquodque
1274 661 1456 700 delictum
1492 660 1666 711 proprios

251 721 365 759 habet
395 720 587 771 principes
608 726 644 759 et
673 720 885 759 ministros.

174 779 221 816 10
356 780 520 827 Quando
563 786 694 819 autem
731 781 891 819 tenebar
920 781 967 818 ab
1006 780 1134 830 aliquo
1178 779 1342 827 illorum,
1385 779 1567 818 uidebam
1602 792 1669 818 eos

251 838 314 888 qui
344 852 407 877 me
436 840 688 885 deducebant,
720 843 918 889 portantes
948 839 1059 888 quasi
1087 839 1126 877 in
1157 840 1310 878 sacculo
1340 840 1509 888 quodam
1537 838 1668 877 omnia

251 911 366 948 opera
395 911 494 948 mea,
534 897 677 936 scilicet
706 899 976 947 quodcumque
1005 899 1155 936 bonum
1190 898 1249 948 egi
1286 899 1333 936 ab
1372 897 1540 936 infancia
1568 911 1667 936 mea.

249 957 294 994 Et
332 957 546 995 educebant
572 963 607 995 et
636 957 903 1007 ponderabant
934 970 1024 996 cum
1051 957 1163 995 malis
1183 957 1365 1007 operibus
1395 963 1431 996 et
1460 956 1668 995 raciocina-

249 1016 343 1054 bant
372 1029 462 1054 cum
491 1015 715 1054 custodibus
745 1015 855 1054 aeris.

154 1079 232 1113 583
358 1075 457 1113 Cum
475 1088 569 1113 uero
590 1076 765 1125 conpleta
786 1080 914 1114 essent
944 1075 1074 1113 omnia
1094 1074 1109 1125 ΙΙ
1128 1089 1216 1113 mea
1236 1075 1338 1114 bona
1357 1088 1485 1125 opera⁷
1516 1076 1670 1126 conple-

249 1133 378 1172 uimus
408 1147 566 1172 cursum
595 1147 713 1185 prope
743 1140 892 1184 portam
920 1134 1110 1185 paradysi.
1167 1135 1213 1172 Et
1242 1147 1329 1173 ecce
1359 1134 1533 1173 custodia
1553 1134 1668 1173 forni-

249 1192 410 1232 cationis
440 1194 564 1232 stabat
592 1193 657 1232 ibi.
714 1195 760 1232 Et
789 1199 964 1232 tenentes
993 1207 1056 1232 me
1085 1194 1330 1244 proferebant
1358 1207 1516 1232 omnem
1554 1194 1669 1232 forni-

249 1251 440 1290 cationem
459 1257 495 1291 et
524 1253 720 1303 corporale
740 1258 951 1303 peccatum,
982 1255 1253 1303 quodcumque
1273 1267 1295 1292 a
1315 1253 1543 1292 duodecimo
1563 1266 1668 1292 anno

249 1310 359 1349 etatis
388 1325 474 1350 mee
513 1312 582 1361 egi.
641 1312 783 1351 Dicunt
821 1318 952 1351 autem
989 1314 1036 1351 ad
1066 1326 1132 1351 eos
1161 1312 1215 1351 illi
1254 1312 1319 1363 qui
1356 1326 1419 1351 me
1457 1313 1667 1352 ducebant:

170 1369 221 1407 ΞΟ
249 1370 391 1409 Omnia
419 1377 574 1421 peccata
594 1371 818 1421 corporaliay
849 1385 1093 1422 quecumque
1113 1371 1230 1422 gessit
1256 1372 1297 1410 in
1327 1371 1494 1420 ciuitate,
1524 1371 1669 1411 dimisit

106 1419 225 1490 {3753}
246 1428 301 1468 illi
328 1429 444 1468 Deus.
488 1430 674 1480 Rellspuit
695 1430 801 1469 enim
830 1444 876 1469 ex
906 1430 979 1469 illis
1001 1436 1037 1469 et
1057 1431 1213 1470 recessit
1235 1429 1248 1482 ΙΙ
1270 1445 1292 1469 a
1312 1431 1478 1470 ciuitate.
1527 1431 1669 1470 Dicunt

249 1502 341 1527 uero
371 1489 418 1527 ad
447 1488 531 1527 11105
562 1495 804 1528 accusatores
833 1489 928 1529 mei:
960 1490 1005 1528 Et
1035 1495 1241 1540 postquam
1269 1490 1427 1529 recessit
1463 1504 1485 1529 a
1514 1490 1671 1530 ciuitate

250 1547 288 1586 in
319 1548 508 1598 predium,
539 1549 670 1599 lapsus
701 1554 757 1588 est
786 1549 826 1587 in
856 1549 1089 1588 adulterium
1117 1563 1207 1588 cum
1236 1563 1357 1588 uxore
1386 1549 1562 1600 agricole.
1620 1551 1669 1589 Ut

249 1612 379 1645 autem
419 1607 625 1646 audierunt
666 1608 740 1647 hoc
783 1608 920 1659 angeli,
962 1622 1042 1647 non
1085 1610 1274 1648 habentes
1318 1609 1472 1658 aliquod
1519 1610 1670 1648 bonum

170 1666 219 1703 25
251 1667 351 1716 quod
382 1673 634 1717 opponerent,
671 1667 902 1707 dimiserunt
929 1681 992 1706 me
1020 1673 1056 1707 et
1085 1673 1339 1707 recesserunt.
1397 1670 1448 1707 Et
1483 1674 1576 1707 tunc
1605 1683 1668 1720 ap-

123 1730 150 1763 T
166 1730 231 1763 75Υ
251 1726 534 1776 prehendentes
555 1725 570 1777 ΙΙ
590 1740 653 1765 1110
673 1727 869 1778 Ethiopes‚
891 1728 1069 1766 cedentes
1090 1729 1351 1778 deposuerunt
1370 1741 1433 1766 me
1453 1727 1492 1766 in
1513 1733 1667 1768 terram.

354 1785 400 1823 Et
419 1790 549 1836 aperta
567 1791 624 1824 est
646 1792 758 1824 terra.
802 1787 848 1825 Et
868 1786 1138 1825 descendimus
1159 1800 1225 1837 per
1248 1788 1442 1837 quendam
1459 1793 1670 1837 angustum

247 1844 376 1882 locum
392 1867 437 1871 —
455 1851 535 1883 erat
551 1850 681 1884 autem
701 1845 754 1883 ibi
770 1845 865 1884 fetor
886 1845 1148 1893 intolerabilis,
1171 1845 1385 1885 obscuritas
1404 1846 1598 1885 teterrima
1619 1871 1666 1874 —

248 1916 372 1953 usque
410 1905 505 1942 dum
542 1904 725 1943 uenimus
766 1904 805 1942 in
835 1904 1032 1943 infernum
1069 1904 1290 1944 inferiorem
1324 1905 1364 1944 in
1401 1905 1584 1944 custodiis
1613 1906 1669 1944 in-

124 1967 227 2000 BlOl
250 1963 458 2010 sernorum,
494 1963 562 2001 ubi
592 1966 705 2002 sunt*
733 1965 881 2003 recluse
909 1964 1038 2003 anime
1067 1970 1345 2015 peccatorum,
1387 1964 1452 2015 qui
1481 1966 1529 2004 ab
1559 1965 1668 2005 initio

355 2147 368 2179 1
399 2147 535 2182 adtrah.
557 2149 592 2181 E
601 2159 608 2188 ;
636 2147 764 2181 attrah.
786 2149 824 2181 K
870 2147 906 2181 in
933 2158 970 2182 se
997 2147 1032 2181 in
1051 2151 1175 2182 semet.
1199 2149 1232 2182 T
1277 2148 1297 2182 2
1317 2148 1577 2192 pulcherrimos
1594 2149 1673 2184 ΕΚ

245 2200 266 2233 3
292 2199 414 2233 uolani
444 2199 548 2233 E2K²
613 2200 635 2234 4
660 2201 952 2235 transiliebamus
977 2202 1019 2236 K
1080 2204 1167 2235 cust.
1194 2212 1278 2245 ergo
1306 2203 1376 2236 BT
1437 2203 1458 2236 5
1484 2202 1530 2244 01]
1558 2213 1611 2236 om¹
1641 2202 1674 2237 T

245 2264 306 2287 eos
332 2254 369 2286 Κ
434 2254 454 2286 6
480 2264 553 2287 una
580 2265 719 2297 queque
745 2254 823 2288 ΕΚ
883 2255 904 2287 S
930 2254 1022 2288 sicut
1047 2255 1123 2288 ΕΚ
1169 2258 1443 2299 unumquotque
1468 2257 1503 2289 E
1564 2256 1600 2289 11
1630 2255 1667 2290 in

244 2317 334 2340 sace.
359 2308 416 2340 Tm
465 2307 619 2350 quodam
648 2308 702 2341 KS
765 2308 806 2341 12
835 2307 927 2351 inea]
959 2309 1016 2348 T⁸;
1050 2310 1090 2349 ÷
1113 2308 1166 2352 egi
1195 2310 1270 2343 ΕΚ
1333 2310 1374 2342 13
1399 2308 1451 2343 012
1482 2310 1525 2342 TS
1583 2319 1668 2352 pon-

246 2360 330 2394 dera
373 2358 423 2393 T¹
497 2360 809 2395 raciocinabantur
849 2363 922 2395 ΕΚ
1004 2372 1086 2396 culn
1125 2361 1229 2395 malis
1269 2382 1312 2386 —
1350 2362 1559 2396 custodibus
1606 2363 1668 2397 Tm

249 2414 290 2446 15)
325 2424 434 2457 opera
469 2413 562 2447 bona
600 2415 649 2453 Ε;
693 2414 813 2448 omnia
853 2425 960 2458 opera
1000 2425 1080 2449 inea
1118 2415 1213 2448 bona
1246 2416 1283 2449 K
1357 2415 1668 2460 compleueramus

245 2466 340 2500 enini
368 2468 442 2500 ΕΚ
508 2468 549 2500 16
577 2467 698 2511 prope]
724 2479 777 2500 mn
810 2469 842 2501 T
901 2469 942 2502 19
969 2468 1012 2502 ad
1039 2468 1118 2502 illos
1145 2469 1203 2511 qui
1233 2470 1307 2502 ΕΚ
1366 2470 1412 2503 520
1438 2469 1593 2513 peccata}
1626 2472 1663 2508 -1-

245 2530 309 2553 sua
334 2521 410 2554 ΕΚ
460 2521 499 2553 21
530 2531 573 2554 ex
598 2520 679 2563 illis]
706 2521 765 2555 illa
792 2522 866 2554 ΕΚ
913 2522 957 2554 212
984 2522 1028 2564 et]
1057 2522 1117 2555 sed
1145 2523 1219 2555 ΕΚ
1277 2523 1321 2556 23
1347 2522 1383 2556 111
1410 2522 1573 2566 predium
1600 2523 1666 2555 ΚΜ

245 2573 291 2605 24,
328 2573 392 2607 liec
430 2574 505 2607 ΕΚ
576 2574 621 2607 25
660 2573 788 2617 dimisa]
829 2573 1050 2618 reliquerunt
1078 2576 1116 2609 Κ
1188 2575 1298 2619 appi-‚1
1344 2575 1555 2619 recipientes
1594 2576 1667 2609 ΕΚ

246 2628 290 2658 z'i'»
318 2625 403 2668 ine¹l
432 2638 483 2659 om
517 2628 548 2661 T
610 2628 655 2661 28
687 2627 747 2661 11111
781 2632 855 2661 erat
883 2629 972 2662 fetor
999 2629 1071 2661 ΕΚ
1136 2629 1181 2661 20
1206 2628 1334 2663 inferni
1364 2629 1401 2662 Κ
