1834 2967
822 140 837 148 ι-

687 161 738 164 ,
797 140 843 177 10
899 161 947 163 „-

111 264 295 302 transitus
331 263 436 302 eunti
475 264 522 302 ad
563 263 722 301 domum
760 261 892 300 hebrei
920 263 1145 299 Abramii.
1203 259 1360 309 Aspexit
1397 264 1524 297 autem

111 325 170 361 ad
198 322 417 373 ymaginem
446 321 592 361 domini
620 321 742 360 nostri
770 321 883 359 Ihesu
913 319 1054 358 Christi
1082 324 1118 356 et
1146 331 1287 356 manus
1316 319 1364 357 ad
1399 319 1522 356 celum

112 382 270 420 eleuans
310 383 429 420 dixit:
478 380 642 419 Domine
686 381 792 418 Deus
833 391 943 417 meus
984 378 1096 415 lhesu
1140 377 1302 421 Christe,
1345 379 1524 415 mundi

111 443 402 490 redemptor,
444 441 534 478 celi
576 446 797 489 terreque
837 443 1046 485 creator,
1091 449 1139 474 ne
1181 436 1422 484 derelinquas
1460 450 1522 474 mc

113 502 158 537 ιή
187 502 472 538 necessitate
491 500 668 548 posito,
698 497 765 535 sed
793 502 834 534 tu
862 496 945 546 ipse
973 495 1111 533 michi*
1139 500 1220 533 esto
1250 494 1520 544 antiphonifin,

112 562 188 609 qm·
224 571 474 608 numquam
514 558 682 604 fallis3
722 560 758 594 et
785 555 906 601 mitte,
945 567 1075 604 queSO,
1119 555 1306 591 demine
1340 553 1380 590 in
1409 554 1522 590 coi-(le

112 616 306 664 Abramii‚
354 622 395 654 ut
437 615 655 654 commodet
684 614 800 652 michi
839 626 976 652 aurum
1016 614 1523 663 quantulumcumque

105 682 309 726 propter
336 688 484 713 meam
512 676 870 722 necessitatem,
900 672 931 710 si
951 672 1018 710 tibi
1048 671 1228 721 placabile
1257 675 1315 709 est
1343 677 1379 709 et
1407 671 1522 708 michi

111 740 383 785 opportunum.
454 733 661 783 Complens
703 738 833 771 autem
876 733 1010 770 suam*
1060 730 1274 769 orationem
1320 729 1425 768 uenit
1472 732 1522 767 (td

111 796 270 833 domum
298 792 471 831 Abramii
501 798 537 831 et
565 805 752 842 responso
787 796 944 841 accepto
973 790 1129 829 intrauit
1166 791 1214 829 ad
1243 802 1343 828 eum.
1401 789 1445 827 Et
1475 789 1525 827 ait
1558 792 1605 828 lo

111 857 145 892 ei
172 852 391 892 Abramius.
448 852 613 890 Domine
642 851 856 898 Theodore‚
894 850 1076 889 inuenisti
1115 840 1397 899 antiphonitin?
1452 848 1523 886 Re-

111 912 264 963 spondit
292 912 325 950 ei
355 911 604 950 Theodorus:
648 910 785 957 Etiam,
825 909 981 948 domine
1010 909 1074 955 mi,
1114 908 1247 947 inueni
1282 910 1401 946 enim
1430 907 1523 945 anti-

111 970 285 1022 phonitin
306 973 389 1022 qui
408 977 475 1009 est
494 984 661 1020 magnus
678 975 714 1008 et
734 969 839 1008 diues
858 970 982 1016 ualde⁷
1014 968 1076 1018 qui
1097 974 1222 1018 potest
1240 967 1306 1006 tibi
1325 966 1524 1005 restituere

110 1030 277 1080 pluriora
305 1043 422 1080 quam
441 1029 557 1068 michi
576 1029 739 1075 dederis,
768 1028 929 1075 etiamsi,
961 1028 1063 1077 quod
1083 1027 1194 1074 absit,
1223 1027 1372 1077 aliquid
1392 1027 1523 1075 damp-

109 1092 265 1128 nietatis
294 1091 435 1128 malum
464 1088 646 1128 euenerit.
704 1088 775 1127 Cui
802 1087 1010 1126 Abramius
1039 1087 1107 1125 ait:
1148 1086 1285 1124 Adduo
1322 1098 1411 1123 eum
1447 1085 1524 1123 huc
1557 1087 1601 1124 lo

110 1151 159 1188 ad
186 1162 249 1187 me
278 1154 314 1187 et
348 1151 473 1198 accipe
511 1153 698 1197 quantum
737 1147 916 1186 uolueris.
973 1146 1036 1184 Ait
1075 1147 1121 1184 ad
1159 1158 1248 1184 eum
1277 1144 1522 1183 Theodorus:

110 1209 209 1256 Illeff‘
238 1208 393 1246 domine
422 1207 488 1254 mi,
517 1208 564 1246 ad
585 1207 752 1256 aliquem
783 1219 861 1244 non
891 1205 1014 1252 uadit;
1044 1206 1110 1243 sed
1130 1204 1275 1254 magis*
1298 1209 1338 1242 tu
1368 1203 1524 1253 fatigare

111 1273 148 1306 et
188 1267 278 1306 ueni
320 1268 367 1305 ad
405 1280 506 1306 eum.
563 1267 609 1304 Et
650 1266 681 1304 si
716 1265 920 1316 placuerit*
956 1264 1020 1303 tibi
1064 1264 1104 1302 in
1139 1267 1220 1302 eius
1257 1263 1395 1301 fiducia
1432 1263 1523 1301 dare

111 1327 248 1374 michi,
279 1327 374 1365 Deo
403 1328 532 1372 laus3
575 1325 605 1364 si
640 1331 768 1364 autem
807 1338 905 1372 non,
946 1324 1108 1362 habebis
1147 1336 1284 1362 aurum
1328 1328 1438 1360 tuum
1483 1322 1521 1359 in

111 1387 225 1425 domo
254 1391 330 1424 tua.
1552 1383 1604 1420 020

220 1444 482 1494 Compunctus
529 1449 657 1482 autem
703 1443 742 1482 in
788 1442 850 1481 his
892 1442 1063 1481 uerbis’·²*
1106 1440 1313 1479 Abramius
1361 1453 1522 1489 surgens

111 1504 329 1542 ambulabat
357 1517 446 1542 cum
475 1503 691 1542 Theodoro.
748 1502 794 1541 Et
822 1507 1014 1541 uenerunt
1041 1501 1180 1551 pariter
1207 1502 1259 1538 ad
1287 1501 1426 1546 locum⁷
1457 1498 1521 1536 ubi

111 1563 187 1601 iam
216 1563 313 1601 dicte
342 1563 545 1612 columpne
575 1562 740 1600 stabant.
796 1562 845 1600 Et
874 1561 926 1599 ait
945 1561 1173 1599 Theodorus
1203 1561 1250 1598 ad
1270 1558 1520 1597 Abramium:

112 1622 152 1661 Si
181 1621 247 1661 tibi
276 1622 410 1672 placet⁷
449 1622 616 1669 domine,
656 1622 745 1660 sede
774 1626 810 1659 et
848 1620 1091 1670 quiescamus
1128 1617 1420 1668 aliquantulum.
1476 1617 1522 1654 Et

112 1682 286 1720 sedere*ss
325 1694 414 1720 eum
450 1681 536 1719 fecit
576 1685 680 1719 recto
721 1681 861 1718 intuitu
904 1685 992 1718 ante
1039 1683 1288 1728 conspectum
1331 1676 1521 1715 dominice
1551 1678 1600 1714 :³5

112 1740 311 1790 ymaginis.
354 1740 400 1778 Et
428 1740 479 1779 ait
499 1740 744 1778 Theodorus:
775 1739 939 1777 Domine
958 1738 1151 1784 Abramie‚
1182 1737 1347 1775 multum
1376 1735 1523 1785 quesiui

115 1805 151 1838 et
170 1799 340 1838 laboraui
368 1811 585 1850 querens,
614 1805 647 1837 et
663 1812 743 1837 non
763 1798 896 1837 inueni
915 1796 1174 1848 antiphonitin
1204 1795 1391 1834 maiorem
1410 1795 1524 1832 huius

115 1864 244 1896 sancte
278 1858 480 1908 ymaginis.
537 1858 634 1896 Ecce
672 1857 776 1897 enim
813 1856 1064 1907 antiphonitis
1103 1861 1139 1894 et
1178 1854 1368 1893 dominus.
1426 1852 1524 1891 Cum

116 1918 236 1956 multa
264 1924 392 1956 autem
422 1917 558 1956 fiducia
586 1917 735 1956 eleuata
764 1915 942 1955 dextera*
973 1929 1092 1954 manu
1112 1914 1338 1952 Theodorus
1367 1913 1524 1950 demon-

116 1981 243 2015 strans
263 1982 437 2015 sanctam
456 1977 559 2015 illam
581 1976 595 2026 ΙΙ
616 1976 762 2015 domini
780 1977 938 2014 nostri
952 1976 1089 2013 lhesu
1111 1974 1293 2011 Christi
1307 1971 1523 2021 ymaginem
1542 1977 1585 2010 W
1601 1977 1667 2010 160

115 2035 343 2074 **Abramio
359 2035 468 2074 dixit:
490 2036 630 2086 Recipe
648 2036 754 2074 hunc
774 2048 843 2085 pro
863 2047 949 2073 mea
969 2033 1188 2084 sponsione.
1217 2031 1375 2069 Miratus
1395 2036 1524 2069 autem

114 2095 280 2133 hebreus
309 2095 348 2132 in
378 2095 450 2133 fide
479 2100 515 2133 et
544 2094 681 2133 fiducia
710 2093 901 2132 Theodori
930 2092 1022 2131 dixit
1053 2092 1100 2130 ad
1129 2104 1238 2130 eum:
1272 2089 1407 2128 Nescis
1437 2088 1525 2138 quia

115 2153 359 2192 inimiciciam
396 2154 585 2192 habemus
615 2167 687 2192 nos
715 2153 848 2192 hebrei
877 2152 1090 2198 uobiscum,
1121 2150 1185 2200 qui
1204 2150 1294 2189 estis
1315 2148 1522 2194 christiani,

115 2218 269 2263 propter
315 2212 533 2262 ymaginem
579 2213 717 2251 istam?
780 2211 967 2261 Numquit
1013 2224 1093 2249 non
1142 2223 1212 2248 uos
1258 2211 1359 2259 ipsi
1402 2207 1522 2246 dicitis

116 2272 203 2321 quia
243 2276 368 2322 patres
407 2271 526 2310 nostri
565 2271 835 2310 crucifixerunt
872 2274 988 2309 eum?
1050 2269 1096 2307 Et
1133 2269 1326 2318 quomodo
1363 2280 1522 2317 possum
1552 2269 1602 2305 35

116 2344 205 2370 eum
242 2330 412 2381 accipere
447 2330 730 2380 antiphonitin‘?
787 2331 863 2369 Sed
901 2331 1011 2368 crede
1049 2328 1177 2375 michi,
1215 2330 1393 2377 frater,
1435 2326 1522 2376 quia

117 2403 195 2428 non
226 2392 283 2428 te*
311 2389 499 2428 dimittam
529 2390 610 2428 sine
641 2390 786 2436 effectu,
822 2389 990 2428 uidendo
1020 2389 1134 2427 tidem
1172 2393 1278 2426 tuam
1316 2399 1451 2437 puram
1488 2390 1525 2423 et

1578 497 1600 532 ω(

223 2531 244 2564 2
271 2534 304 2565 et
330 2532 365 2564 22³·
406 2531 448 2564 13
474 2529 535 2574 qui
553 2533 606 2564 est
631 2531 668 2563 <2³
705 2531 749 2563 29
768 2530 908 2564 eleuata
926 2529 1072 2563 dextera
1098 2539 1209 2562 manu
1237 2543 1278 2555 =
1296 2529 1351 2566 913
1379 2526 1524 2561 eleuans

117 2585 301 2619 dexteram
326 2595 476 2618 manum
504 2597 544 2611 =
575 2584 612 2616 1a
633 2584 673 2623 (Ῥ)
