1834 2967
830 134 1117 171 -118—

416 279 494 321 42.
535 279 607 328 De
639 278 849 333 quodam
882 278 1116 334 episcopo
1151 277 1234 332 qui
1268 277 1448 320 cecidit
1481 276 1531 318 in

143 357 166 391 S
183 358 250 391 (Μὶν
766 348 1165 391 fornicationem.
1190 349 1205 403 Η

328 443 383 482 uit
412 443 568 493 quidam
596 443 858 494 episcopusin
888 446 1053 494 quadam
1083 446 1238 482 ciuitate
1265 449 1302 482 et
1322 457 1389 494 per
1419 442 1680 494 operationem

354 502 494 541 diaboli
521 502 654 542 cecidit
681 502 722 541 in
752 501 1055 542 fornicationem.
1111 503 1197 541 Vna
1226 515 1382 552 quoque
1411 501 1561 541 dierum
1589 515 1681 541 cum

217 565 240 601 5
271 563 391 600 esset*
418 561 599 612 precipua
628 561 890 613 solempnitas,
927 563 1048 600 factus
1086 567 1144 601 est
1177 567 1395 600 conuentus
1432 560 1473 600 in
1511 561 1679 600 ecclesia.

270 621 315 659 Et
343 620 498 660 nemine
527 621 670 660 sciente
698 622 744 659 de
773 626 927 671 peccato
955 620 1057 659 illius
1086 636 1108 660 a
1137 634 1178 660 se
1205 620 1289 671 ipso
1317 621 1518 659 confessus
1556 625 1614 659 est
1640 619 1681 658 in

268 686 478 730 conspectu
514 679 690 718 omnium
733 680 966 730 populorum
1002 679 1151 719 dicens:
1195 680 1273 730 Ego
1310 679 1351 717 in
1390 678 1682 718 fornicationem

268 738 396 778 cecidi.
462 740 510 777 Et
552 740 689 778 tollens
738 740 1054 789 superhumerale
1092 752 1208 777 suum
1249 738 1376 789 posuit
1413 752 1530 789 super
1564 739 1682 777 altare

269 797 417 836 dicens:
446 798 534 836 Non
564 811 724 848 possum
751 797 830 836 iam
849 811 933 836 esse
962 797 1177 848 episcopus.
1233 798 1280 837 Et
1309 797 1537 837 exclamauit
1557 796 1682 836 omnis

194 858 242 896 10
269 857 435 907 populus
463 870 553 895 cum
582 857 673 895 fletu
702 862 738 895 et
766 856 962 896 dixerunt:
991 857 1197 896 Peccatum
1225 858 1298 896 hoc
1327 870 1442 908 super
1472 870 1563 903 n0s3
1603 863 1683 895 tan-

269 918 468 954 tummodo
498 922 579 954 esto
607 915 647 954 in
677 915 910 966 episcopatu.
953 916 999 954 Et
1019 915 1214 966 respondit
1243 915 1390 955 dicens:
1422 915 1462 954 Si
1495 915 1612 955 uultis
1641 921 1684 954 ut

269 988 451 1013 maneam
477 974 518 1013 in
548 974 783 1025 episcopatu⁷
814 988 888 1024 que
917 974 1000 1013 dico
1029 974 1141 1013 uobis
1171 974 1291 1014 facite.

376 1034 422 1072 Et
450 1033 616 1084 precepit
643 1034 822 1073 claudere
861 1047 997 1073 omnes
1032 1034 1169 1073 ianuas
1198 1033 1354 1073 ecclesie
1389 1040 1426 1073 et
1459 1033 1616 1084 proiecit
1644 1047 1685 1072 se

128 1092 306 1133 K156vin
329 1091 344 1143 Η
363 1092 494 1131 fatiem
514 1099 602 1131 ante
623 1094 821 1143 quandam
841 1093 1077 1143 posterulam
1096 1092 1243 1132 dicens:
1270 1093 1357 1132 Non
1377 1093 1518 1132 habeat
1537 1098 1686 1143 partem

144 1158 250 1192 T82v
269 1165 359 1190 cum
388 1153 466 1191 Deo
496 1153 755 1202 quifflcumque
793 1152 924 1191 exiens
954 1166 1033 1191 non
1062 1151 1265 1192 calcauerit
1292 1166 1366 1191 me.
1423 1153 1470 1191 Et
1503 1151 1685 1191 facientes

268 1210 375 1250 iuxta
403 1212 571 1250 uerbum
599 1211 712 1259 illius⁷
747 1225 838 1250 cum
865 1211 1016 1251 ueniret
1045 1217 1081 1250 et
1109 1211 1229 1250 exiret
1257 1210 1429 1259 ultimus⁷
1464 1210 1572 1250 uenit
1606 1224 1684 1250 uox

270 1271 316 1309 de
350 1271 431 1310 celo
466 1270 614 1310 dicens:
650 1271 811 1321 Propter
840 1272 1003 1310 multam
1032 1271 1113 1310 eius
1148 1270 1406 1310 humilitatem
1441 1269 1568 1309 dimisi
1602 1283 1686 1320 peo-

269 1336 399 1369 catum
426 1330 539 1369 illius.

377 1388 595 1440 Expliciunt
622 1389 807 1429 miracula
834 1389 1022 1429 Johannis
1050 1389 1232 1429 monachi
1261 1391 1328 1438 (=
1352 1391 1413 1438 Τ).

191 1543 242 1580 20
844 1537 1113 1581 Exortatio.

379 1636 480 1674 Sunt
493 1641 635 1683 autem,
655 1635 848 1674 karissimi
868 1636 1003 1674 fratres
1023 1640 1059 1673 et
1079 1633 1225 1674 domini
1244 1633 1332 1680 mei,
1353 1633 1463 1672 multi
1486 1645 1687 1672 sermones

145 1701 253 1735 Ε181
272 1694 513 1745 plurimeque
549 1695 788 1734 narrationes
809 1694 823 1746 Η
845 1696 947 1745 apud
983 1695 1124 1733 Grecos
1159 1707 1256 1744 quos
1291 1707 1360 1743 ego
1404 1707 1474 1732 nec
1514 1705 1685 1743 compre-

271 1755 441 1793 hendere
469 1768 630 1805 possum
660 1767 730 1793 nec
759 1753 937 1800 scribere⁷
967 1767 1058 1792 cum
1085 1753 1160 1791 sim
1186 1752 1228 1791 in
1257 1752 1392 1791 ultima
1420 1757 1530 1791 etate.
1573 1751 1686 1791 Suffi-

274 1812 376 1852 ciant
404 1827 497 1852 uero
528 1815 599 1852 hec
619 1827 741 1864 pauca
769 1815 815 1852 de
845 1812 1032 1864 pluribus.
1089 1813 1259 1851 Obsecro
1289 1818 1420 1851 autem
1448 1824 1520 1850 uos
1550 1824 1686 1850 omnes

195 1875 245 1911 025
275 1872 340 1922 qui
367 1873 439 1911 hec
466 1873 645 1923 legeritis⁷
682 1879 725 1911 ut
753 1871 950 1923 corrigatis
980 1873 1082 1922 quod
1118 1871 1391 1921 corrigendum
1429 1877 1485 1909 est
1520 1875 1556 1909 et
1584 1871 1688 1921 quod

273 1933 561 1971 emendandum
590 1931 800 1971 emendetis
829 1938 866 1970 et
893 1930 1011 1970 michi
1038 1931 1196 1969 ueniam
1225 1932 1322 1970 date.

379 1991 453 2030 Pro
482 1990 545 2030 illo
565 2005 658 2030 uero
686 1990 750 2041 qui
780 1992 850 2030 hec
879 1990 1044 2030 scribere
1073 1990 1170 2038 fecit,
1192 1991 1317 2029 Deum
1337 1995 1491 2029 exorate
1521 1988 1587 2039 qui
1615 2002 1688 2027 uos

274 2050 412 2101 pariter
447 2052 494 2090 ad
530 2050 651 2090 uitam
686 2051 869 2101 perducat
904 2055 1077 2089 eternam
1111 2056 1145 2088 et
1182 2063 1253 2088 nos
1289 2049 1500 2088 scribentes
1544 2053 1580 2087 et
1617 2059 1688 2087 uos

274 2111 455 2160 legentes.
511 2110 650 2149 Amen.

382 2262 396 2294 1
432 2260 557 2304 Rubr]
584 2271 638 2294 om
656 2261 802 2295 EKBT
847 2260 868 2293 3
895 2259 940 2301 et]
968 2258 1029 2301 qui
1052 2259 1129 2292 EK
1175 2259 1196 2291 4
1215 2261 1335 2292 autem
1359 2259 1430 2292 ΕΚ
1481 2258 1502 2291 5
1528 2257 1689 2301 sollemp.

272 2315 347 2348 EK
395 2315 414 2347 ὅ
441 2325 462 2347 a
487 2325 524 2347 se
549 2314 626 2357 ipso
653 2315 696 2348 Sr
758 2312 823 2356 est]
852 2315 890 2354 -ξ-
920 2312 1041 2346 dicens
1075 2313 1150 2346 ΕΚ
1212 2314 1232 2345 9
1263 2312 1422 2355 possum]
1459 2322 1538 2345 sum
1574 2311 1690 2345 ΕΚιδη

273 2368 362 2410 esse]
389 2379 443 2400 om
469 2366 595 2401 B¹EK
652 2366 852 2410 episcopus]
881 2367 917 2406 -l-
947 2368 1065 2400 uester
1090 2364 1165 2400 ΕΚ
1227 2366 1270 2398 10
1295 2365 1383 2399 dixit
1408 2365 1483 2398 ΕΚ
1538 2364 1617 2407 hor]
1649 2367 1687 2405 —l—

273 2421 318 2455 sit
337 2421 412 2455 ΕΚ
461 2421 502 2454 12
521 2420 601 2463 que]
621 2420 716 2463 quod
734 2419 809 2454 ΕΚ
858 2420 901 2453 13
920 2419 1037 2453 claudi
1055 2419 1130 2452 ΕΚ
1180 2419 1221 2452 16
1247 2421 1280 2452 et
1299 2418 1411 2452 exiret
1429 2419 1488 2451 Bm
1542 2418 1582 2451 17
1601 2417 1689 2460 eius]

274 2474 486 2508 hun1.illius
514 2473 589 2508 ΕΚ
647 2472 778 2516 dimisi]
807 2472 851 2514 -l-
876 2473 945 2506 hoc
970 2473 1041 2506 ΕΚ
1106 2472 1148 2506 18
1175 2472 1279 2514 illius]
1308 2471 1340 2506 ei
1366 2472 1438 2506 ΕΚ

383 2522 428 2555 ΩΟ
455 2521 579 2562 Bubul
606 2532 658 2554 om
692 2522 768 2555 ΕΚ
830 2521 874 2554 22
907 2520 985 2563 ego}
1012 2530 1067 2553 om
1092 2520 1133 2554 Κ
1191 2520 1235 2553 26
1262 2519 1541 2561 emendandum]
1570 2520 1608 2560 †
1639 2522 1692 2553 est

276 2577 324 2609 K·
392 2576 434 2608 ⁰27
473 2574 547 2617 uos]
576 2584 642 2607 nos
670 2574 744 2607 ΕΚ
