1834 2967
706 120 971 157 —77—

134 241 240 280 illos*
281 254 419 291 pueros
462 241 526 290 qui
569 240 873 290 suprascriptam
915 253 997 278 rem
1036 241 1203 280 fecerant
1241 242 1288 279 ad
1324 242 1478 280 laudem
1507 247 1542 280 et

129 299 292 350 gloriam
321 305 451 338 sancte
480 305 516 338 et
544 299 740 338 indiuidue
761 298 971 343 Trinitatis,
1002 312 1074 348 que
1094 305 1130 337 et
1159 300 1198 338 in
1226 301 1421 339 modernis
1450 306 1544 339 tem-

134 358 292 409 poribus
321 359 430 409 signa
459 359 682 397 demonstra
708 358 763 396 uit
792 363 826 396 et
854 357 1055 396 mirabilia.
1113 359 1223 403 (Elis
1250 360 1408 408 Amen).
1561 365 1688 399 K144v

481 529 556 570 22.
601 528 673 570 De
713 527 923 582 quodam
961 527 1202 575 heretico.

1602 622 1624 658 οι

131 615 282 705 Ouum
302 616 543 656 uenissemus
565 617 732 666 quodam
759 621 930 666 tempore
959 616 997 654 in
1021 616 1235 655 Seleuciam
1255 630 1329 666 que
1357 623 1413 656 est
1441 618 1546 657 iuxta

213 681 339 727 partes
367 675 581 722 Antiochie,
610 675 725 714 locuti
755 689 891 714 sumus
921 688 1011 714 cum
1041 676 1178 714 abbate
1207 676 1410 715 Theodoro
1450 678 1545 716 eius-

131 737 219 774 dem
247 734 409 774 ciujtatis
438 734 627 785 episcopo.
670 734 716 772 Et
737 734 908 772 narrauit
929 734 1041 773 nobis
1070 735 1214 782 dicens,
1244 735 1428 784 quoniam
1450 737 1546 775 facta

129 800 187 833 est
215 793 561 844 res‘3huiuscemodi
582 799 753 843 tempore
783 792 882 832 beati
903 792 1073 843 Dionysii
1094 794 1305 832 decessoris
1334 790 1409 833 mei
1430 795 1544 833 huius

132 852 296 892 ciuitatis
325 852 537 903 episcopus.

237 911 303 949 Vir
333 911 490 961 quidam
509 910 728 961 negociator
748 911 817 950 fuit
836 912 949 950 ualde
968 910 1168 961 religiosus
1198 917 1233 950 et
1263 912 1383 960 diues,
1414 926 1544 962 quam·
1578 915 1624 951 10

129 969 190 1009 uis
232 970 436 1009 hereticus.
493 970 645 1008 Etenim
674 970 808 1008 Seueri
849 970 1092 1020 dogmatibus
1136 971 1417 1010 consenciebat.
1474 972 1546 1011 Hic

128 1034 259 1068 autem
279 1029 445 1068 habebat
460 1029 609 1068 socium
627 1031 827 1080 quendam,
849 1029 913 1079 qui
934 1029 1233 1068 communicabat
1252 1043 1340 1068 cum
1361 1031 1545 1070 catholica

130 1089 300 1128 ecclesia.
356 1089 431 1127 Iste
458 1101 552 1127 uero
582 1090 798 1127 secundum
827 1089 1147 1127 consuetudinem
1180 1088 1377 1139 prouincie
1406 1091 1546 1141 recepit

130 1149 435 1186 conmunionem
476 1148 516 1186 in
558 1147 692 1197 quinta
733 1147 825 1186 feria
866 1161 1006 1198 magne
1035 1148 1326 1198 sollempnitatis
1354 1147 1527 1199 ΡειεοθςΗ
1563 1155 1666 1190 Ε162

132 1213 239 1257 parte
281 1212 410 1245 autem
458 1208 624 1257 quadam
670 1207 972 1254 conmunicauit,
1015 1207 1180 1257 reliquas
1221 1221 1314 1246 uero
1354 1208 1459 1246 misit
1506 1209 1545 1247 in
1577 1210 1624 1248 15

130 1267 328 1316 capsulam
369 1271 406 1305 et
446 1265 616 1316 reposuit
657 1265 698 1304 in
741 1266 906 1304 armario
948 1279 1031 1305 suo.
1094 1267 1260 1317 Contiyit
1302 1273 1426 1305 autem
1457 1275 1546 1317 post

129 1331 304 1364 sanetum
324 1326 449 1364 Pasca
476 1331 519 1364 ut
552 1328 619 1364 uir
648 1327 713 1363 ille
745 1328 962 1363 valueram·
994 1326 1362 1375 Constantinopolim
1386 1333 1546 1376 propter

127 1386 321 1434 quoddam
350 1387 553 1434 neyocium.
617 1386 690 1433 Qui
713 1384 750 1429 <
770 1390 823 1422 est
841 1383 879 1428 >
903 1386 1039 1423 oblitus
1067 1391 1237 1423 sanctam
1259 1388 1542 1424 conmunionem

127 1445 172 1481 in
200 1446 373 1482 armario
401 1457 480 1482 suo.

237 1501 402 1552 Contigit
429 1508 560 1541 autem
597 1508 683 1553 post
717 1508 896 1541 sanctum
925 1503 1046 1541 Pasca
1080 1508 1122 1541 ut
1156 1517 1235 1542 una
1269 1503 1418 1542 dierum
1456 1517 1545 1542 cum
1573 1505 1624 1542 ⁶20

128 1561 341 1611 aperuisset
370 1561 580 1600 armarium
607 1561 668 1600 ille
697 1562 762 1612 qui
791 1568 871 1600 erat
898 1562 1092 1601 hereticus
1113 1584 1160 1589 —
1177 1562 1299 1601 maior
1333 1563 1437 1601 enim
1466 1568 1545 1601 erat

132 1626 169 1659 et
196 1625 347 1670 preerat
376 1620 414 1658 in
445 1621 559 1659 domo
600 1620 662 1659 illa
690 1627 733 1659 ut
762 1620 940 1660 dominus
972 1642 1019 1647 -—
1050 1620 1199 1660 inuenit
1237 1634 1392 1671 capsam
1422 1621 1544 1669 illam,

129 1678 197 1717 ubi
224 1684 447 1729 reposuerat
475 1679 536 1718 ille
564 1679 771 1730 particulas
793 1693 899 1719 sacre
928 1680 1212 1727 conmunionis,
1242 1685 1278 1718 et
1298 1680 1544 1719 contristatus

129 1742 188 1776 est
215 1738 392 1776 nesciens
422 1737 513 1788 quid
543 1739 590 1777 de
610 1739 663 1777 eis
693 1739 842 1778 faceret.
884 1739 1018 1789 Neque
1038 1739 1141 1778 enim
1161 1739 1242 1789 ipse
1262 1753 1326 1778 eas
1355 1740 1543 1786 sumebat,

131 1809 200 1847 pro
228 1809 273 1835 eo
302 1798 404 1847 quod
424 1803 533 1836 erant
553 1799 600 1836 de
620 1804 754 1837 sancta
782 1804 818 1837 et
838 1798 1024 1837 catholica
1043 1798 1212 1845 ecclesia,
1241 1798 1322 1848 ipse
1349 1811 1443 1836 uero
1463 1805 1544 1837 erat
1573 1801 1623 1838 25

130 1857 178 1894 de
207 1852 340 1895 Seueri
369 1857 545 1906 dogmate
573 1857 753 1896 heretico.
810 1857 886 1896 Sed
915 1862 1044 1896 tamen
1070 1862 1291 1896 reuerenter
1319 1856 1461 1896 dimisit
1481 1870 1544 1896 eas

131 1914 229 1953 sicut
256 1916 408 1954 fuerant
435 1915 475 1954 in
496 1917 674 1963 armario,
704 1916 833 1955 dicens
853 1916 892 1954 in
914 1916 1139 1967 semetipso:
1161 1915 1175 1965 Η
1196 1916 1295 1964 Quia
1314 1916 1388 1955 cito
1417 1929 1545 1955 reuer-
1562 1923 1638 1958 578

129 1978 231 2012 tetur
260 1973 320 2012 ille
350 1974 414 2024 qui
444 1988 508 2014 eas
537 1975 707 2026 reposuit
737 1981 773 2014 et
802 1976 1016 2014 commedet
1044 1989 1120 2014 eas.

239 2032 337 2071 Cum
364 2039 493 2072 autem
521 2047 601 2073 non
619 2034 750 2073 fuisset
780 2047 972 2079 reuersus,
1001 2034 1097 2073 sicut
1127 2039 1360 2085 sperauerat,
1390 2034 1545 2073 deuenit

131 2091 270 2131 iterum
297 2106 439 2142 magna
473 2094 735 2144 sollempnitas
774 2093 904 2143 quinte
942 2093 1032 2132 ferie
1061 2093 1164 2132 Cene
1192 2093 1358 2132 Domini.
1415 2093 1541 2132 Voluit
1571 2097 1622 2133 30

130 2164 226 2190 uero
255 2151 435 2191 dominus
464 2152 546 2191 eius
575 2153 781 2192 incendere
810 2166 886 2200 eas,
925 2158 967 2191 ut
1005 2166 1082 2191 non
1122 2153 1262 2191 iterum
1301 2159 1545 2192 remanerent

132 2209 173 2248 in
201 2211 318 2248 altero
349 2223 464 2250 anno.
521 2212 567 2250 Et
595 2225 683 2251 cum
712 2212 924 2262 aperuisset
952 2212 1163 2250 armarium
1191 2217 1231 2250 ut
1270 2212 1408 2251 faceret
1443 2214 1545 2262 quod

131 2268 378 2319 cogitauerat,
407 2270 501 2309 uidit
530 2272 632 2320 quod
660 2285 797 2310 omnes
832 2277 963 2310 sancte
998 2271 1059 2310 ille
1087 2270 1271 2322 particule
1308 2271 1430 2322 spicas
1466 2285 1544 2322 ger-

239 2400 260 2433 5
287 2399 478 2433 Seleutiam
493 2401 547 2438 K;
563 2399 660 2434 iuxta
674 2399 901 2435 Antiochiam
917 2401 960 2434 K
1003 2401 1025 2434 8
1051 2411 1106 2444 ep.
1125 2399 1191 2435 ciu.
1210 2401 1283 2435 hui.
1303 2401 1381 2436 EK
1432 2401 1472 2434 12
1492 2412 1544 2435 so-

130 2452 224 2486 tium
242 2452 283 2486 K
329 2452 432 2495 cath]
454 2456 493 2492 -Ι-
516 2455 550 2486 et
568 2453 763 2496 apostolica
780 2454 860 2488 EK
907 2454 949 2487 13
967 2454 1065 2497 uero]
1085 2453 1206 2497 itaque
1222 2454 1302 2488 EK
1350 2454 1393 2488 14
1410 2453 1544 2488 Pasche

130 2505 171 2540 Ε
236 2506 277 2540 15
303 2508 442 2549 partem
476 2525 521 2529 —
556 2506 735 2549 quandam
770 2507 850 2541 EK
910 2507 956 2540 ⁶25
990 2510 1107 2541 essent
1141 2508 1183 2542 K
1244 2508 1288 2541 26
1323 2507 1466 2541 domate
1494 2505 1544 2542 K*

132 2559 265 2602 tamen]
293 2561 433 2593 tantum
451 2559 494 2593 K
538 2559 582 2592 27
608 2560 774 2603 armario]
797 2563 835 2601 -ξ-
856 2559 947 2594 sicut
972 2560 1114 2595 fuerant
1132 2561 1174 2595 K
1220 2561 1264 2595 98
1290 2561 1451 2604 deposuit
1469 2561 1549 2595 ΕΚ

130 2612 289 2646 comedit
313 2612 394 2646 EK
438 2612 483 2646 33
507 2611 608 2655 uidit]
636 2623 688 2647 om
717 2614 744 2647 5
