1834 2967
825 117 1090 155 —94—

251 250 287 283 et
315 256 452 294 passus
491 256 543 289 es⁷
586 248 623 281 et
651 247 694 280 ut
730 239 990 292 penitenciam
1018 252 1120 289 agas.
1178 237 1407 289 Inpossibile
1445 240 1523 276 est*
1561 237 1667 276 enim

252 302 320 342 tibi
350 301 609 353 penitenciam
637 314 750 351 agere
778 299 853 338 nisi
883 312 949 349 per
979 311 1118 349 corpus
1147 297 1187 335 in
1218 310 1294 347 quo
1323 296 1499 347 peccasti.
1556 297 1668 335 Tunc

252 361 384 400 uisum
412 366 468 399 est
496 359 615 399 michi
653 359 812 398 introire
841 358 880 396 in
911 370 1050 408 corpus
1085 369 1228 395 meum.
1285 356 1331 394 Et
1366 354 1551 394 continuo
1585 354 1669 405 cepi

253 421 429 459 clamare.

204 483 226 519 ἵ)
362 478 537 529 Rogabat
566 491 656 516 eum
692 491 858 527 magnus
888 475 1105 522 Thalasffls,
1145 480 1185 513 ut
1217 478 1387 512 sumeret
1415 472 1563 519 cibum;
1603 473 1670 511 sed

259 552 339 578 non
368 537 645 577 consentiebat.
690 537 942 575 Solummodo
961 548 1055 573 uero
1075 548 1098 573 a
1115 534 1198 572 loco
1226 532 1266 571 in
1295 533 1425 571 locum
1452 532 1493 570 in
1513 531 1672 570 ecclesia

261 611 301 636 se
330 596 538 648 proiciebat
565 595 606 634 in
634 595 783 642 faciem,
813 595 1000 634 confitens
1029 594 1108 632 Deo
1137 598 1291 643 peccata
1320 605 1391 630 sua
1411 604 1500 630 cum
1528 589 1674 641 gemitu

262 662 298 695 et
326 655 492 695 lacrimis
531 654 784 694 amarissimis
813 653 962 692 dicens:
1001 653 1057 691 Ve
1093 651 1359 702 peccatoribus
1398 655 1434 689 et
1472 649 1673 689 tormentis

263 728 337 765 que
366 727 431 753 eos
461 718 694 764 exspectant,
725 718 761 751 et
788 711 957 751 maxime
986 711 1040 750 eis
1071 710 1136 761 qui
1164 710 1342 761 polluunt
1376 722 1515 759 corpus
1545 721 1673 748 suum.

181 777 229 814 10
257 773 361 813 Fecit
390 778 521 812 autem
550 772 604 811 sic
633 785 700 822 per
721 771 802 810 dies
832 770 1097 821 quadraginta,
1128 775 1164 808 et
1184 768 1275 808 abiit
1305 769 1476 807 mundus
1506 773 1542 806 et
1571 766 1676 818 puri-

135 842 236 875 T76v
257 834 390 872 ficatus
420 833 467 870 ad
487 830 711 870 Dominum.
734 830 748 881 ΙΙ
776 830 878 868 Ante
899 829 1071 868 triduum
1099 842 1193 867 uero
1222 827 1379 878 agnouit
1409 828 1526 866 finem
1546 839 1674 865 suum.

366 890 431 929 Hii
460 896 590 929 autem
619 889 684 939 qui
713 889 894 928 abierunt
922 894 959 927 et
986 888 1171 926 uiderunt
1201 900 1290 926 eum
1329 892 1365 925 et
1394 885 1600 925 audierunt
1629 898 1676 924 ex

261 964 326 989 ore
355 949 438 989 eius
461 948 673 988 fidelissimi
694 954 834 999 patres,
865 947 940 998 ipsi
961 946 1074 985 nobis
1094 948 1158 985 hec
1178 951 1436 985 narrauerunt
1464 943 1676 984 iuuationis

261 1009 392 1060 gratia.
448 1008 587 1047 Amen.

188 1150 234 1186 1O
375 1137 456 1180 30.
494 1137 568 1179 De
599 1135 810 1190 quodam
841 1134 1003 1177 Dauid
1035 1133 1266 1189 principe
1300 1133 1565 1175 latronum.

265 1227 453 1316 Contigit
496 1226 609 1265 nobis
650 1225 756 1265 abire
796 1224 837 1263 in
879 1223 1129 1264 Bethsaidam
1169 1229 1206 1263 et
1248 1222 1365 1261 locuti
1412 1236 1547 1262 sumus
1591 1235 1682 1261 cum

124 1297 250 1330 K153v
355 1286 564 1338 sophistico
593 1285 836 1324 Filammona
873 1289 909 1323 et
929 1282 943 1334 Η
963 1282 1176 1322 iuuaminis
1206 1282 1327 1333 gratia
1355 1282 1529 1321 narrauit
1567 1281 1680 1321 nobis

265 1346 408 1393 dicens,
432 1345 618 1396 quoniam
637 1345 734 1383 latro
756 1349 837 1382 erat
859 1343 897 1381 in
920 1342 1095 1394 partibus
1110 1341 1350 1392 Hermopoli‚
1365 1341 1523 1380 nomine
1544 1340 1682 1388 Dauid,

265 1408 407 1445 multos
437 1404 655 1455 exspolians
685 1409 721 1442 et
749 1402 976 1453 multiplicia
1014 1403 1116 1441 mala
1144 1401 1300 1440 faciens.
1358 1401 1448 1440 Erat
1487 1400 1592 1439 enim
1618 1399 1684 1440 hic

147 1466 381 1508 E171tadis
410 1464 547 1515 qualis,
576 1469 619 1503 ut
648 1463 798 1509 dicitur,
830 1475 944 1501 nemo
973 1461 1083 1500 alius.

374 1525 460 1563 Vna
480 1536 633 1573 quoque
649 1522 800 1561 dierum
829 1535 919 1560 cum
947 1526 1047 1560 esset
1066 1519 1301 1559 latrocinans
1321 1518 1362 1558 in
1382 1524 1514 1558 monte
1534 1520 1684 1558 habens

268 1598 401 1624 secum
429 1585 515 1634 plus
545 1596 663 1633 quam
690 1581 846 1632 triginta
873 1581 1054 1627 latrones,
1085 1593 1266 1618 reuersus
1296 1584 1352 1617 est
1381 1578 1421 1616 in
1451 1591 1492 1617 se
1531 1583 1567 1617 et
1595 1591 1684 1616 con-

269 1649 435 1695 punctus
464 1643 505 1681 in
526 1642 580 1681 eis
603 1655 676 1692 que
696 1642 833 1680 fecerat
852 1639 977 1686 malis⁷
1007 1638 1152 1677 dimisit
1172 1651 1307 1677 omnes
1336 1637 1401 1687 qui
1421 1650 1554 1676 secum
1574 1642 1687 1676 erant

270 1709 306 1742 et
335 1702 427 1742 abiit
455 1702 496 1741 in
525 1700 817 1740 monasterium.
875 1700 921 1738 Et
956 1699 1135 1749 pulsante
1175 1711 1219 1736 eo
1248 1696 1408 1736 ianuam
1444 1695 1683 1743 monasterii,

193 1765 241 1802 25
272 1762 390 1801 exiuit
418 1760 610 1813 portarius
641 1765 676 1799 et
705 1759 799 1798 dixit
829 1758 880 1797 ei:
911 1757 1012 1805 Quid
1040 1756 1126 1796 uis?
1181 1756 1367 1806 Princeps
1406 1761 1536 1794 autem
1574 1756 1685 1794 latro-

146 1829 174 1862 B
188 1829 252 1862 1017.
271 1835 367 1860 num
387 1819 584 1871 respondit
613 1822 664 1858 ei:
695 1819 788 1857 Volo
809 1817 890 1856 fieri
909 1817 1137 1856 monachus.
1182 1816 1334 1854 lntrans
1355 1828 1448 1853 uero
1470 1814 1686 1864 porttarius

273 1879 472 1919 nunciauit
502 1878 631 1918 abbati
661 1880 706 1916 de
735 1891 792 1916 eo.
849 1876 990 1914 Exiens
1030 1881 1160 1914 autem
1188 1875 1307 1913 abbas
1345 1880 1381 1913 et
1420 1873 1558 1912 uidens
1598 1873 1688 1923 quia

272 1940 426 1978 uetulus
455 1944 567 1985 esset,
598 1938 650 1977 ait
679 1937 731 1976 ei:
761 1937 847 1975 Non
878 1941 985 1986 potes
1014 1934 1077 1973 hic
1104 1948 1274 1980 manere,
1306 1933 1491 1984 quoniam
1518 1934 1688 1972 multum

273 2000 444 2038 laborem
473 2004 509 2037 et
538 1997 814 2037 abstinentiam
832 1997 991 2035 multam
1018 1995 1164 2033 liabent
1186 1995 1319 2032 fratres
1350 1999 1385 2031 et
1415 1999 1457 2031 tu
1478 2006 1518 2032 es
1548 1994 1594 2031 de
1613 1992 1688 2031 alio

194 2062 246 2098 30
274 2072 349 2097 usu
378 2064 413 2096 et
433 2058 606 2107 regulam
634 2057 919 2095 monachorum
945 2067 1022 2093 non
1054 2053 1194 2104 poteris
1224 2052 1426 2091 sustinere.
1483 2052 1567 2102 Ipse
1594 2064 1689 2090 uero

275 2118 433 2167 rogabat
454 2117 603 2155 dicens:
633 2115 758 2154 Etiam
778 2113 909 2153 omnia
928 2113 1078 2160 fatiam3
1109 2118 1261 2151 tantum
1281 2111 1432 2162 suscipe
1452 2124 1526 2150 me.
1556 2111 1690 2149 Abbas

167 2184 249 2217 T77
278 2183 407 2215 autem
437 2176 708 2226 perseuerabat
737 2172 1073 2223 dice11d0111Quia
1102 2185 1181 2210 non
1210 2172 1315 2210 uales
1345 2170 1547 2209 sustinere.
1579 2169 1691 2208 Tunc

276 2236 325 2274 ait
357 2235 389 2274 ei
429 2235 606 2286 princeps
645 2236 856 2273 latronum:
916 2231 1023 2271 Scias
1063 2236 1192 2269 autem
1231 2229 1453 2277 certissime,
1494 2229 1582 2279 quia
1621 2241 1689 2279 ego

376 2355 388 2387 1
419 2354 469 2396 ut]
497 2357 535 2388 tu
562 2355 611 2396 Ες
638 2353 687 2395 ut]
708 2364 759 2386 om
779 2353 820 2386 K
865 2351 888 2384 4-
914 2350 1078 2393 clamare]
1111 2352 1147 2390 4,-
1178 2349 1298 2383 dicens
1324 2347 1374 2383 Ει
1433 2350 1454 2382 6
1479 2348 1522 2382 de
1548 2347 1627 2381 loco
1653 2347 1694 2380 K

279 2409 297 2442 7
325 2407 433 2452 proic.
453 2418 490 2441 se
517 2409 552 2441 Ε
599 2409 619 2439 ‘J
646 2406 708 2449 eis]
729 2417 789 2439 eos
814 2405 891 2440 ΕΚ
942 2405 985 2438 10
1011 2403 1075 2447 e12]
1110 2414 1161 2437 om
1190 2404 1259 2436 BT
1308 2403 1347 2436 17
1376 2401 1588 2435 Philamona
1620 2400 1695 2434 ΕΚ

279 2462 323 2503 et]
352 2461 387 2494 in
419 2462 450 2495 T
510 2461 549 2494 18
577 2459 681 2493 Dnuit
707 2461 746 2493 J<
805 2460 843 2492 21
876 2458 982 2501 igitur
1007 2458 1082 2491 ΕΚ
1134 2457 1179 2490 24
1205 2456 1254 2499 in]
1280 2456 1322 2489 ad
1350 2456 1386 2489 Ε
1438 2455 1483 2488 25
1509 2453 1593 2488 exiit
1620 2453 1696 2486 RK

280 2516 323 2548 26
350 2515 397 2548 ait
424 2515 495 2548 ΕΚ
546 2514 588 2547 27
617 2512 711 2556 quia]
740 2515 778 2553 ψ
808 2513 879 2546 iam
906 2513 980 2546 ΕΚ
1033 2512 1078 2544 28
1105 2510 1192 2543 dixit
1218 2510 1287 2543 BT
1342 2508 1452 2552 potes]
1479 2510 1577 2551 petas
1603 2504 1692 2540 ΕΚ2

280 2570 325 2601 31»
350 2567 537 2611 sustinere]
558 2569 596 2607 -l-
618 2577 689 2599 non
708 2569 810 2609 potes·
830 2566 903 2599 ΕΚ
950 2565 990 2599 31
1013 2563 1173 2607 rogabat]
1193 2562 1393 2597 affirmabat
1415 2562 1485 2595 ΕΚ
1535 2561 1578 2593 32
1598 2558 1693 2602 quia]

280 2621 338 2664 qui
373 2620 413 2654 Τ1
465 2622 508 2653 :33
535 2619 566 2654 ei
601 2621 639 2654 Τ·ς
687 2630 769 2662 ergo
797 2620 867 2653 ΕΚ
