1834 2967
218 512 241 549 Q(

195 807 243 844 lO

144 871 252 905 E138

195 1103 243 1140 15

151 2055 258 2090 K1⁹20

843 172 888 177 --.
946 152 1101 189 30.-

269 274 379 312 finxit
407 275 454 312 de
483 273 566 324 ipso
587 287 694 321 auro,
723 272 855 312 dicens
885 286 926 312 se
954 273 1072 312 nichil
1091 273 1291 323 recepisse.
1348 273 1575 312 Theodorus
1595 287 1683 313 con-

269 333 392 372 fidens
441 332 480 371 in
530 346 599 371 suo
642 332 912 383 antiphonitin‚
961 332 1176 371 affirmabat
1220 332 1449 371 Abramium
1495 334 1683 383 recepisse

268 392 437 430 loculum
475 405 563 430 cum
593 405 686 430 auro
726 405 840 441 quem
879 392 1046 430 miserat.
1103 392 1267 430 Multum
1304 392 1469 441 denique
1507 391 1605 430 inter
1643 405 1685 430 se

269 451 496 490 altercantes
525 451 832 498 sermocinando,
863 451 914 489 ait
942 451 1169 489 Theodorus
1199 451 1246 488 ad
1265 450 1510 490 Abramium:
1540 451 1684 490 Eamus

271 511 385 548 simul
413 511 461 548 ad
490 510 630 557 locum,
659 510 725 548 ubi
754 509 869 548 michi
899 523 1037 548 aurum
1067 509 1203 548 dedisti
1231 514 1320 548 ante
1348 510 1629 548 dominatorem
1649 515 1687 548 et

270 569 528 619 antiphonitin
569 582 721 615 meum,
766 574 803 607 et
839 568 891 606 ibi
928 569 966 607 in
1005 574 1213 619 conspectu
1256 568 1336 607 eius
1378 568 1437 607 dic
1480 569 1569 618 quia
1605 582 1684 607 non

271 629 445 679 recepisti
474 629 641 666 loculum
664 641 753 666 cum
782 627 889 666 libris
918 628 1001 666 auri
1021 627 1314 678 quinquaginta3
1344 633 1380 666 et
1409 633 1501 666 tunc
1529 628 1683 667 credam

271 687 350 727 tibi.
407 688 490 726 Hec
518 692 645 726 autem
676 687 838 725 faciebat
865 687 1087 734 Abramius,
1123 700 1202 725 non
1232 687 1321 736 quia
1355 687 1508 726 uolebat
1541 700 1682 737 negare

270 746 334 794 illi,
364 747 430 785 sed
460 752 502 785 ut
521 751 768 796 cognosceret
787 747 905 784 finem
924 746 992 793 rei,
1021 752 1186 784 utrum
1214 746 1359 785 firma
1387 751 1526 785 esset
1553 745 1685 785 fides

271 805 670 845 christianorum
710 819 767 843 an
810 818 921 843 non.
979 805 1054 843 Sed
1083 805 1186 843 Deus
1215 805 1459 855 omnipotens
1488 819 1556 856 per
1583 806 1686 844 hanc

271 864 285 916 ΙΙ
306 865 526 904 ocasionem
570 864 706 903 direxit
747 869 930 913 utrosque
968 865 1015 902 ad
1053 865 1214 903 salutem
1254 864 1472 903 animarum
1513 877 1683 903 suarum.

377 923 584 962 Venientes
614 929 742 962 autem
778 922 919 973 pariter
957 924 1003 961 ad
1032 923 1315 973 supradictum*
1342 924 1470 962 locum
1505 929 1595 962 ante
1624 924 1686 962 do-

271 983 454 1022 minicam
503 983 760 1032 inmaginem,
802 987 844 1020 ut
884 981 978 1021 uidit
1018 995 1102 1020 eam
1145 982 1394 1029 Theodorus,
1443 983 1603 1032 procidit
1647 983 1686 1021 in

271 1043 401 1081 fatiem
430 1055 541 1080 suam
570 1055 684 1091 super
713 1047 868 1088 terram,
906 1040 1047 1091 gratias
1076 1042 1224 1091 agendo
1254 1046 1290 1080 et
1319 1041 1582 1091 glorificando,
1621 1042 1686 1091 qui

272 1115 361 1140 eum
398 1101 550 1139 saluum
579 1102 719 1139 fecerat
753 1100 792 1139 in
829 1100 990 1138 marinis
1032 1101 1221 1139 fluctibus.
1288 1100 1386 1139 Cum
1423 1105 1551 1139 autem
1587 1114 1690 1139 com-

275 1161 415 1211 plesset
435 1159 648 1198 orationem
678 1173 696 1198 s
709 1173 815 1197 uam
830 1190 839 1206 ,
869 1160 1050 1209 expandit
1069 1172 1209 1197 manus
1239 1172 1328 1197 suas
1348 1165 1435 1198 ante
1456 1160 1689 1199 dominicam

275 1219 511 1270 inmaginem
547 1225 582 1257 et
617 1219 728 1257 dixit:
767 1219 1022 1268 Antiphonita
1050 1231 1172 1265 meUS,
1211 1218 1346 1257 dedisti
1374 1219 1559 1257 Abramio
1589 1221 1690 1269 quod

275 1280 341 1318 tibi
362 1277 619 1317 conmendaui
639 1292 690 1316 an
711 1282 815 1317 non?
856 1278 916 1316 Ad
936 1278 1038 1316 hanc
1058 1290 1193 1316 uocem
1213 1277 1340 1316 statim
1370 1277 1464 1316 uidit
1483 1278 1690 1317 Abramius

277 1338 384 1388 quasi
404 1338 530 1388 fulgur
559 1338 713 1387 igneum
735 1337 859 1375 exisse
889 1351 935 1376 ex
964 1337 1025 1375 illa
1054 1342 1299 1376 sacrosancta
1321 1337 1516 1388 inmagine
1535 1337 1689 1376 Domini

277 1403 313 1436 et
349 1397 504 1436 uenisse
541 1410 655 1447 super
694 1409 746 1434 se.
815 1395 888 1443 Qui
933 1397 1075 1434 cadens
1113 1395 1153 1434 in
1195 1401 1353 1442 terram,
1400 1397 1547 1435 iacebat
1584 1397 1693 1447 quasi

277 1462 465 1495 mortuus.
507 1455 684 1494 Afferens
714 1461 842 1494 autem
863 1455 1090 1494 Theodorus
1119 1468 1259 1505 aquam
1289 1457 1469 1506 respersit
1497 1457 1691 1495 infaciem

277 1516 358 1554 eius
387 1521 423 1553 et
452 1521 588 1554 tenens
617 1527 778 1553 manum
808 1514 889 1552 eius
918 1515 1084 1553 eleuauit
1113 1528 1201 1553 eum
1230 1529 1253 1553 a
1281 1520 1392 1554 terra.
1436 1515 1543 1566 Cepit
1564 1521 1693 1555 autem

276 1573 485 1613 Abramius
523 1586 618 1612 uoce
656 1587 798 1623 magna
835 1573 1000 1612 clamare
1038 1579 1074 1612 et
1111 1574 1251 1612 dicere:
1295 1574 1458 1624 Magnus
1497 1581 1554 1613 est
1589 1575 1692 1614 Deus

278 1633 594 1680 christianorum3
630 1638 670 1671 tu
700 1646 740 1671 es
769 1633 872 1671 Deus
903 1633 965 1682 qui
994 1633 1085 1671 facis
1115 1633 1313 1671 mirabilia.
1371 1633 1472 1672 Viuit
1501 1634 1692 1673 Dominus

228 1710 239 1715 >⁷
279 1699 314 1731 et
349 1692 573 1731 benedictus
602 1692 716 1739 Deus,
757 1691 821 1741 qui
859 1692 976 1731 michi
1004 1692 1146 1731 misero
1184 1693 1362 1742 dignatus
1400 1699 1457 1732 est
1491 1694 1693 1732 ostendere

279 1758 384 1791 tanta
406 1751 606 1798 mirabilia,
636 1751 725 1801 quia
753 1765 831 1790 non
863 1751 1028 1790 introibo
1058 1751 1097 1790 in
1126 1753 1286 1790 domum
1314 1765 1455 1799 meam,
1485 1752 1558 1791 nisi
1588 1752 1693 1803 prius

279 1812 408 1850 fatiam
437 1825 499 1850 me
528 1811 794 1850 christianum.

389 1931 507 1968 Fama
553 1935 682 1967 autem
734 1929 873 1967 huius*
919 1928 1091 1967 miraculi
1144 1942 1223 1967 non
1270 1929 1389 1979 potuit
1439 1930 1569 1976 latere,
1627 1931 1694 1969 sed

282 2001 347 2038 per
376 1993 495 2026 totam
533 1989 669 2027 urbem
698 1987 936 2038 diuulgatum
977 1993 1035 2026 est
1069 1993 1105 2026 et
1142 2001 1263 2037 usque
1301 1990 1348 2027 ad
1383 2001 1496 2027 aures
1534 1988 1694 2039 piissimi

284 2047 523 2097 imperatoris
570 2047 707 2086 Eraclii
759 2046 945 2097 peruenit.
1025 2047 1099 2094 Qui
1153 2047 1279 2086 statim
1334 2048 1534 2087 acicersiri
1586 2049 1696 2087 iussit

283 2105 510 2144 Abramium
539 2112 575 2145 et
604 2107 853 2145 Theodorum
881 2112 916 2145 et
946 2105 1144 2156 diligenter
1163 2106 1291 2145 didicit
1319 2107 1366 2145 ab
1397 2107 1451 2146 eis
1472 2107 1602 2146 omnia
1622 2121 1695 2157 que

284 2165 383 2203 dicta
412 2178 559 2214 queque
588 2166 685 2204 sacta
709 2166 871 2204 fuerant.
929 2165 1040 2204 Tunc
1068 2164 1120 2203 ait
1147 2164 1371 2215 imperator:
1402 2166 1564 2217 Magnus
1591 2166 1695 2205 Deus

285 2224 582 2262 christianorum
613 2225 675 2274 qui
707 2238 786 2263 non
817 2224 898 2263 uult
927 2230 1089 2262 mortem
1119 2225 1338 2274 peccatoris,
1370 2226 1436 2264 sed
1464 2231 1506 2264 ut
1535 2239 1695 2265 conuer-

285 2289 385 2321 tatur
414 2289 450 2321 et
479 2283 594 2322 uiuat.
644 2284 755 2322 Tunc
783 2283 950 2334 precepit
978 2283 1106 2322 uocari
1135 2284 1182 2322 ad
1211 2298 1252 2322 se
1280 2284 1486 2323 Proculum
1514 2284 1696 2335 archiepi-

286 2356 444 2393 scopum
463 2342 934 2393 Coustantinopolitanum
954 2349 989 2381 et
1010 2342 1117 2381 iussit
1138 2342 1170 2381 ei
1185 2349 1225 2382 ut
1246 2344 1451 2394 baptizaret
1466 2344 1694 2383 Abramium

397 2491 408 2523 1
440 2501 526 2524 auro
554 2490 630 2533 ipso
654 2491 693 2523 J(
740 2491 760 2523 2
787 2489 1011 2534 antyphoniti
1032 2492 1105 2525 ΕΚ
1151 2491 1173 2524 4
1198 2490 1369 2525 Abramio
1395 2491 1471 2525 ΕΚ
1515 2491 1537 2524 5
1563 2489 1695 2532 locum]

287 2543 443 2577 loculum
470 2544 497 2577 S
544 2543 564 2576 8
592 2543 734 2576 satiebat
764 2542 815 2576 Κ]
873 2546 893 2574 ἑ)
918 2543 966 2578 illi
995 2554 1074 2587 neg.
1093 2545 1134 2578 K
1183 2545 1219 2577 11
1250 2555 1361 2578 occas.
1382 2544 1456 2577 ΕΚ
1506 2543 1546 2576 17
1574 2542 1694 2586 imag]

286 2600 503 2630 caracterem
532 2597 605 2629 ΕΚ
660 2597 704 2629 28
736 2595 794 2629 lat.
820 2607 890 2629 non
918 2599 988 2639 pot.
1014 2597 1086 2630 ΕΚ
1153 2597 1198 2630 :30
1225 2596 1375 2630 Heraclii
1402 2597 1476 2630 ΕΚ
1537 2595 1583 2629 34
1617 2595 1696 2629 Pro-

289 2651 383 2684 ‹·lum
412 2652 439 2682 S
461 2652 632 2692 (semper)
