1834 2967
671 111 962 148 —107—

112 235 243 273 Frater
272 240 401 273 autem
429 233 621 283 accipiens
651 232 864 272 orationem
893 238 929 271 et
956 233 1186 271 mandatum
1214 232 1317 270 senis
1348 231 1454 270 uenit
1485 231 1523 270 in

111 300 248 332 octauo
277 293 424 332 decimo
454 299 490 331 et
518 292 617 339 fecity
647 292 745 331 sicut
774 297 995 342 preceperat
1022 291 1076 329 illi
1105 304 1235 330 senex.

218 353 449 391 Reuertente
487 357 616 390 autem
648 351 711 390 illo
746 357 830 402 post
860 356 936 389 tres
974 350 1054 388 dies
1091 350 1130 388 in
1161 350 1323 399 Sythimy
1367 350 1524 400 procidit

110 413 160 450 ad
202 412 316 462 pedes
357 413 455 449 beati
495 410 598 449 senis
639 410 769 448 dicens
812 408 863 448 ei:
907 409 1006 448 Cum
1043 408 1252 447 adiutorio*
1286 408 1354 447 Dei
1391 414 1425 446 et
1464 414 1526 447 tue

113 470 308 517 orationisy
350 475 480 509 sancte
526 475 650 520 pater,
697 469 879 507 liberatus
927 481 1014 506 sum
1051 481 1073 506 a
1118 467 1366 517 temptatione
1412 468 1526 505 forni-
1582 470 1604 506 ἶ)

112 530 283 569 cationis.
341 529 441 567 Dixit
483 530 516 567 ei
557 542 692 567 senex:
732 528 935 574 Quomodo
969 526 1153 565 liberatus
1189 530 1258 565 es?
1313 527 1524 576 Respondit

115 589 149 627 ei
177 589 293 627 frater
322 594 358 627 et
386 587 497 627 dixit:
537 587 788 625 Solummodo
827 587 955 624 decem
989 585 1177 624 metanias
1206 585 1276 623 feci
1311 591 1346 623 et
1376 586 1527 635 reposui

111 661 175 686 me
210 648 337 698 ipsum
377 660 492 697 super
529 645 768 696 cymiterium
806 651 842 684 et
877 644 1105 684 obdormiui.
1163 645 1208 683 Et
1249 643 1411 683 ueniens
1450 657 1527 683 una

116 707 240 757 puella
267 706 358 744 dixit
377 705 511 744 michi:
540 705 664 752 Abba,
696 705 812 743 abba!
869 704 1009 754 Accipe
1029 702 1338 742 benedictionem
1356 703 1470 741 istam
1491 709 1526 741 et

113 767 211 804 uade
250 765 290 803 in
333 764 468 803 cellam
513 770 632 803 tuam.
701 764 747 802 Et
794 763 984 813 accipiens
1031 762 1350 806 benedictionem,
1398 762 1607 800 3131111110

112 824 287 863 alleuiata
317 829 374 862 est
403 837 544 874 pugna,
583 829 619 861 et
648 823 812 873 cognoui
841 822 1026 872 quoniam
1057 821 1241 860 liberatus
1271 834 1370 860 sum.
1427 821 1525 868 Quid

113 884 217 923 enim
244 883 313 921 fuit
341 882 554 921 benedictio
584 882 659 928 illa,
690 881 832 920 nescio.
875 882 921 920 Et
941 881 992 919 ait
1021 881 1073 919 illi
1099 893 1235 919 senex:
1266 880 1401 918 Talem
1428 882 1525 918 enim

113 943 292 982 fiduciam
331 942 477 981 habent
519 947 610 992 aput
648 942 772 980 Deum
800 940 864 990 qui
905 940 1206 990 agonizauerunt
1240 944 1394 989 propter
1422 938 1527 989 pudi-

116 1001 260 1041 eiciam.

219 1061 265 1099 Et
294 1074 341 1099 ex
370 1066 461 1099 tunc
489 1063 588 1098 enim
618 1059 848 1109 quicumque
891 1072 937 1098 ex
976 1058 1157 1098 fratribus
1195 1058 1452 1108 temptabatur
1481 1058 1528 1096 ab
1562 1058 1607 1094 15

111 1119 334 1158 huiusmodi
364 1119 510 1170 spiritu,
540 1119 646 1158 ibant
674 1119 762 1157 illuc
792 1124 827 1157 et
857 1119 1102 1157 curabantur.

142 1285 215 1327 37.
261 1285 335 1326 De
376 1283 588 1338 quodam
625 1282 859 1337 episcopo
900 1280 984 1336 qui
1022 1292 1114 1335 per
1153 1279 1504 1322 contritionem

176 1354 340 1398 cordis
384 1353 645 1396 euacuauit
686 1353 1030 1407 perpetratam
1069 1350 1468 1393 fornicationem.

114 1450 228 1538 Fuit
257 1451 412 1499 quidam
445 1448 646 1499 episcopus
684 1448 724 1486 111
755 1448 920 1497 quadam
957 1446 1110 1485 ciuitate
1140 1445 1204 1495 qui
1235 1445 1366 1484 incidit
1403 1445 1442 1483 in
1472 1445 1530 1483 in-

200 1510 422 1548 firmitatem
451 1509 631 1554 ualidam,
660 1508 712 1546 ita
742 1513 782 1545 ut
811 1507 859 1545 ab
889 1506 1069 1545 omnibus
1105 1507 1382 1556 desperaretur.
1439 1504 1528 1542 Erat
1558 1505 1609 1542 ΞΟ

116 1582 208 1608 11910
237 1569 378 1607 ibidem
405 1568 686 1607 monasterium
703 1566 922 1605 mulierum.
971 1566 1019 1604 Vt
1048 1565 1193 1604 audiuit
1221 1563 1415 1603 abbatissa
1442 1563 1530 1612 quia

115 1629 337 1678 desperatus
367 1633 466 1666 esset
501 1627 715 1677 episcopus,
751 1626 835 1664 tulit
871 1638 1003 1664 secum
1031 1625 1127 1662 duas
1165 1636 1316 1662 sorores
1337 1622 1351 1673 Η
1373 1622 1647 1665 9131311Ε178

115 1689 164 1726 ad
192 1687 429 1726 uisitandum
457 1700 557 1725 eum.
615 1686 660 1723 Et
689 1690 730 1723 ut
759 1689 943 1735 ceperunt
969 1683 1074 1733 loqui
1103 1696 1192 1721 cum
1221 1682 1413 1732 episcopo,
1453 1694 1530 1719 una

116 1759 163 1785 ex
192 1746 388 1785 sororibus
417 1751 524 1784 stans
561 1744 681 1795 tetigit
715 1744 854 1794 pedem
891 1743 985 1789 eius,
1024 1743 1159 1781 uolens
1200 1754 1411 1791 cognocere
1440 1753 1530 1789 quo-

116 1807 232 1844 modo
266 1806 436 1844 haberet.
491 1805 558 1843 Ille
593 1817 686 1842 uero
722 1816 768 1841 ex
803 1808 905 1841 tactu
941 1801 1022 1840 eius
1057 1802 1138 1840 3010
1173 1800 1345 1839 deuictus
1373 1800 1530 1849 rogabat
1560 1801 1608 1837 25

115 1864 350 1903 abbatissam
383 1864 531 1903 dicens:
576 1862 770 1911 Quoniam
803 1874 883 1900 non
912 1862 1037 1900 habeo
1066 1861 1113 1899 ab
1141 1860 1267 1909 aliquo
1303 1858 1531 1908 obsequium

117 1937 242 1973 neque
284 1923 527 1969 adiutorium,
576 1922 735 1967 dimitte,
778 1934 909 1970 queso,
953 1933 1128 1958 sororem
1163 1920 1265 1957 hanc
1307 1923 1347 1956 ut
1390 1916 1530 1955 seruiat

116 1981 245 2022 michi.
301 1983 368 2021 Illa
397 1988 527 2021 autem
555 1981 672 2020 nichil
700 1979 791 2018 mali
821 1979 1035 2030 suspicans,
1065 1978 1206 2017 dimisit
1237 1990 1334 2016 eam.

223 2041 467 2080 Confortatus
496 2054 589 2080 uero
618 2055 639 2079 a
669 2038 819 2078 diabolo
849 2040 1063 2089 episcopus,
1100 2037 1193 2076 dixit
1223 2037 1274 2075 ei:
1311 2037 1386 2074 Fac
1414 2035 1531 2073 michi

117 2101 361 2152 pulmentum
388 2106 429 2139 ut
458 2101 669 2139 comedam.
714 2099 797 2146 Que
826 2098 912 2137 fecit
940 2098 974 2136 ei
1003 2103 1044 2136 ut
1073 2096 1232 2135 dixerat.
1276 2095 1375 2134 Cum
1402 2100 1532 2133 autem
1560 2095 1611 2132 30

118 2166 308 2210 gustasset
337 2165 373 2198 et
392 2160 554 2199 resectus
584 2160 728 2205 fuisset,
759 2159 809 2197 ait
838 2157 889 2196 ei:
919 2156 1052 2196 Dormi
1080 2168 1245 2195 mecum.
1302 2154 1415 2202 Quod
1444 2166 1533 2192 cum

117 2219 279 2266 fecisset,
309 2218 437 2258 statim
464 2219 608 2269 peperit
642 2217 883 2267 iniquitatem
918 2222 954 2255 et
990 2216 1201 2266 perfectum
1233 2219 1289 2252 est
1318 2218 1529 2264 peccatum.

118 2278 218 2317 Cum
237 2283 365 2316 autem
385 2277 621 2328 concepisset
641 2276 656 2327 Η
677 2277 716 2315 in
745 2282 867 2322 utero,
905 2275 1244 2326 apprehenderunt
1282 2286 1368 2311 eam
1406 2271 1571 2310 clericiK
1586 2276 1673 2309 160*

225 2449 246 2482 2
280 2448 338 2482 ille
365 2448 419 2482 El
495 2447 516 2481 3
550 2446 698 2480 Scithim
723 2446 803 2481 ΕΚ
876 2446 917 2479 1Ξ.)
950 2444 1056 2478 fuerit
1080 2443 1160 2478 ΕΚ
1232 2443 1274 2476 13
1307 2441 1533 2485 agoniz.Kr1=

121 2503 165 2536 15
191 2501 296 2546 quic.]
324 2504 363 2541 —÷-
385 2511 428 2535 ex
453 2503 539 2534 tunc
563 2500 644 2534 ΕΚ
693 2500 733 2533 17
761 2498 885 2542 ΒΑΜ]
910 2499 950 2533 E
957 2496 986 2536 2;
1013 2508 1067 2531 om
1093 2497 1135 2532 K
1183 2496 1225 2530 19
1252 2494 1450 2539 episcopus]
1479 2504 1531 2527 om

119 2556 146 2589 S
209 2554 335 2589 cecidit
368 2553 446 2589 EK
509 2553 552 2586 21
587 2552 673 2587 ibid.
691 2553 745 2587 Κς
806 2552 856 2594 ut]
887 2554 926 2592 -†-
955 2553 1075 2585 autem
1106 2549 1186 2584 ΕΚ
1247 2549 1292 2582 24
1324 2552 1423 2582 stans
1458 2547 1532 2582 K2‘

121 2609 166 2642 28
189 2608 325 2642 malum
351 2607 569 2650 suscipicans
595 2607 622 2640 S
632 2605 643 2625 ²
695 2606 735 2639 31
767 2608 857 2639 esset
882 2604 963 2638 EK
