1834 2967
855 123 1119 159 —50—

389 245 504 283 Facta
551 250 679 283 autem
726 245 786 283 die
832 244 937 283 uenit
979 244 1052 291 ille,
1096 244 1158 293 qui
1198 244 1435 283 custodiebat
1477 257 1694 293 carcerem;

282 309 318 342 et
354 303 503 342 intrans
542 305 724 354 querebat
759 317 860 350 eum,
898 303 964 342 ubi
1004 303 1176 341 inclusus
1204 303 1339 341 fuerat.
1395 303 1442 341 Et
1483 316 1572 342 cum
1613 316 1692 342 non

156 368 260 402 Ε147
287 363 511 410 inuenisset,
549 362 641 402 abiit
678 369 714 402 et
742 363 939 401 nunciauit
975 363 1151 413 episcopo
1172 361 1186 413 ΙΙ
1207 362 1337 401 dicens
1379 362 1467 411 quia
1506 363 1697 413 presbiter

283 422 346 471 qui
374 421 444 460 fuit
480 422 650 461 inclusus
687 422 791 472 fugit⁷
831 435 920 460 curn
959 435 1027 471 ego
1069 422 1275 460 haberem*
1317 421 1466 460 clauem
1509 421 1692 461 custodie.

231 483 254 518 5
284 481 382 519 Cum
402 481 571 520 audisset
599 480 802 531 episcopus
831 481 931 528 talia,
961 494 1121 531 sperans
1150 481 1253 530 quod
1272 481 1457 519 ueraciter
1473 480 1696 530 aufugisset,

283 539 386 579 misit
413 553 537 578 unum
566 553 586 579 e
615 540 742 591 pueris
781 539 860 579 suis
889 540 1037 579 dicens:
1076 540 1181 578 Vade
1218 545 1369 578 tantum
1405 540 1451 577 ad
1489 539 1617 578 uillam
1657 545 1694 578 et

283 599 370 638 uide
399 599 429 638 si
457 599 508 637 ibi
538 605 594 638 est
622 600 809 650 presbiter
838 604 874 638 et
904 599 1017 638 nichil
1049 598 1082 637 ei
1102 598 1205 637 dicas
1235 604 1270 638 et
1290 598 1380 637 ueni
1409 598 1544 637 nuntia
1563 598 1696 637 michi.

389 658 487 697 Cum
502 664 631 697 autem
645 659 787 697 abisset
801 672 907 709 puer⁷
929 658 1077 697 inuenit
1091 659 1344 708 presbiterum
1358 658 1398 696 in
1415 657 1573 696 ecclesia
1586 671 1696 696 sanc-

282 723 361 757 tam
390 717 624 756 oblationem
643 719 723 757 Deo
751 719 986 756 offerentem.
1025 718 1219 756 Reuersus
1239 724 1364 756 autem
1384 730 1478 768 puer
1498 717 1696 756 nunciauit

207 778 254 815 10
282 777 460 828 episcopo
479 777 622 824 dicens,
653 777 741 827 quia
761 777 800 815 in
829 777 987 815 ecclesia
1006 777 1216 815 inuenisset
1247 790 1335 816 eum
1356 789 1506 815 sacram
1526 775 1694 815 hostiam

283 837 517 875 offerentem.
572 836 685 883 Quod
713 841 755 874 ut
782 836 927 874 audiuit
947 836 1159 886 episcopus,
1189 835 1352 886 amplius
1382 836 1634 874 exardescens
1653 835 1693 874 in

171 900 257 934 T60
282 895 337 934 ira
378 900 511 934 contra
548 908 649 943 eum,
688 895 828 934 iurauit
848 893 862 945 ΙΙ
883 895 1027 942 dicens⁷
1067 895 1154 945 quia
1188 895 1262 934 nisi
1299 895 1466 934 crastina
1502 895 1562 933 die
1605 907 1695 933 eum

282 955 476 993 adduxero
506 967 593 992 cum
615 954 721 992 omni
740 953 890 1000 iniuria,
920 954 992 992 hec
1020 954 1138 992 michi
1166 954 1276 993 faciat
1296 954 1400 992 Deus
1421 959 1457 992 et
1475 954 1546 992 hec
1567 954 1692 992 addat.

386 1013 506 1052 Nocte
526 1026 618 1051 uero
647 1013 820 1052 insecuta
847 1013 985 1052 iterum
1006 1013 1179 1063 apparuit
1200 1012 1411 1063 presbitero
1440 1012 1523 1051 ille*
1542 1012 1699 1051 iuuenis-

207 1073 253 1110 15
283 1072 347 1122 qui
375 1075 410 1110 εἰ
437 1079 526 1110 ante
555 1077 781 1122 apparuerat
810 1072 977 1122 dixitque
1006 1072 1057 1111 ei:
1113 1072 1210 1110 Veni
1239 1085 1372 1111 eamus
1400 1072 1439 1110 in
1469 1071 1700 1117 custodiam,⁴

282 1131 347 1170 ubi
367 1137 403 1170 te
432 1131 633 1181 episcopus
661 1130 829 1170 miserat.
869 1132 917 1169 Et
945 1131 1134 1182 accipiens
1163 1144 1251 1169 eum
1281 1131 1432 1170 reduxit
1460 1137 1497 1170 et
1523 1131 1627 1169 misit
1655 1132 1694 1170 iu

283 1203 486 1238 carcerem,
516 1190 671 1229 nemine
699 1204 738 1229 se
766 1191 921 1237 sciente,
952 1196 988 1229 et
1015 1190 1118 1229 abiit.

388 1250 501 1288 Mane
530 1255 658 1289 autem
687 1250 854 1288 secunde
890 1249 981 1288 ferie
1010 1255 1145 1288 notum
1178 1249 1321 1288 factum
1359 1255 1416 1288 est
1453 1249 1630 1300 episcopo
1659 1255 1696 1288 et

139 1313 268 1347 K128v
284 1308 477 1356 omnibus,
512 1307 526 1359 Η
560 1309 647 1358 quia
685 1308 871 1359 presbiter
906 1314 1006 1348 esset
1048 1309 1086 1347 in
1130 1322 1281 1347 carcere
1318 1309 1499 1348 inuentus
1538 1310 1696 1348 custode

204 1368 255 1405 ΞΟ
283 1368 490 1408 nesciente.
519 1368 674 1407 Mittens
689 1381 782 1406 uero
798 1367 998 1418 episcopus
1013 1367 1099 1406 fecit
1113 1367 1184 1406 sibi
1196 1368 1406 1418 presentari
1422 1368 1697 1418 presbiterum;

284 1440 398 1476 quem
440 1426 690 1478 interrogauit
733 1428 925 1477 quomodo
967 1428 1107 1466 exisset
1142 1428 1287 1477 absque
1325 1427 1547 1466 carcerarii*
1587 1433 1696 1466 nutu.

283 1486 358 1534 Qui
386 1485 600 1536 respondit:
630 1487 783 1525 quenis
813 1486 1009 1536 speciosus
1044 1487 1155 1525 ualde
1184 1486 1296 1525 bonis
1330 1486 1488 1525 indutus
1525 1486 1698 1525 uestibus

283 1546 328 1584 de
357 1545 560 1596 episcopio,
599 1545 696 1584 sicut
724 1545 884 1592 dicebat,
923 1545 1029 1584 uenit
1063 1551 1098 1584 et
1126 1549 1310 1595 apparuit
1338 1547 1451 1584 mz'chi
1479 1551 1515 1584 et
1543 1546 1699 1584 deduxit

173 1608 258 1643 1389
283 1618 346 1643 me
375 1618 496 1655 usque
525 1618 643 1656 prope
663 1604 678 1655 ΙΙ
697 1604 828 1644 uillam
857 1605 964 1654 quasi
993 1605 1198 1643 miliarium
1232 1618 1355 1644 unum
1384 1610 1420 1643 et
1454 1604 1595 1643 dimisit
1623 1618 1703 1644 me.

205 1662 255 1700 25
283 1665 426 1702 Iterum
469 1664 576 1703 uenit
610 1666 692 1715 ipse
733 1664 849 1703 altera
887 1670 996 1703 nocte
1038 1669 1074 1703 et
1113 1664 1269 1703 adduxit
1306 1670 1342 1703 et
1378 1664 1588 1703 introduxit
1624 1677 1698 1702 me.

284 1723 386 1762 Fecit
426 1729 554 1763 autem
597 1723 798 1774 episcopus
839 1737 974 1762 omnes
1016 1737 1155 1774 pueros
1193 1723 1375 1763 aduenire
1410 1724 1473 1773 qui
1512 1729 1620 1762 erant
1658 1723 1696 1761 in

283 1782 486 1833 episcopio,
516 1788 557 1821 ut
585 1788 819 1822 monstraret
839 1783 922 1833 quis
943 1788 1043 1821 esset
1071 1782 1134 1832 qui
1161 1783 1191 1821 ei
1214 1789 1453 1833 apparuerat,
1483 1783 1549 1821 sed
1579 1782 1703 1821 nemi-⁷

282 1855 373 1880 nem
402 1855 448 1880 ex
478 1842 531 1881 eis
561 1842 768 1892 presbiter*
797 1843 1039 1892 agnoscebat.

391 1902 500 1940 Tunc
530 1902 713 1941 intellexit
742 1901 943 1952 episcopus
964 1902 1065 1951 quod
1094 1902 1253 1952 angelus
1283 1907 1382 1940 esset
1411 1915 1432 1940 a
1455 1901 1535 1940 Deo
1555 1901 1698 1940 missus

204 1958 255 1994 30
284 1960 348 2010 qui
376 1961 449 2000 hoc
478 1962 611 2008 fuerat,
640 1966 682 2000 ut
710 1975 788 2000 non
820 1961 979 1999 omnino
1008 1961 1194 2000 celaretur
1222 1960 1299 1999 uita
1329 1961 1540 2011 presbiteri,
1571 1962 1637 1999 sed
1658 1967 1698 2000 ut

284 2032 419 2058 omnes
449 2020 590 2059 scirent
610 2026 646 2059 et
664 2020 919 2071 glorificarent
938 2033 1082 2059 nomen
1103 2020 1256 2059 Domini
1277 2021 1340 2070 qui
1361 2020 1545 2070 glorificat
1564 2033 1698 2059 seruos

284 2092 385 2118 suos.
443 2079 661 2130 Conpulsus
691 2093 783 2119 uero
812 2080 998 2130 presbiter
1027 2081 1073 2118 ab
1101 2080 1289 2130 episcopo,
1320 2079 1489 2118 narrauit
1519 2080 1552 2118 ei
1580 2079 1698 2118 uitam

283 2151 392 2177 suam
423 2139 582 2189 qualiter
611 2153 632 2178 a
661 2140 859 2178 iuuentute
888 2153 976 2179 curn
1001 2141 1093 2178 sua*
1122 2139 1282 2190 coniuge
1303 2139 1459 2178 uixerat.
1518 2139 1628 2187 Quod
1657 2144 1698 2177 ut

392 2300 404 2332 1
428 2299 572 2333 tenebat
591 2297 765 2334 EKB²T²
814 2300 835 2333 2
861 2298 907 2342 et]
933 2310 985 2332 om
1005 2299 1046 2333 K
1091 2299 1114 2332 4
1139 2298 1309 2340 inclusus]
1333 2300 1370 2338 -l-
1393 2298 1428 2332 in
1448 2308 1588 2332 carcere
1606 2298 1697 2338 EK;

283 2363 422 2387 carcere
448 2353 528 2386 incl.
548 2353 587 2387 K
643 2356 663 2386 (j
689 2352 721 2396 e]
747 2352 790 2386 de
815 2353 857 2387 K
913 2353 930 2386 7
959 2351 1023 2396 est]
1048 2352 1089 2386 sit
1118 2353 1192 2386 ΕΚ
1239 2353 1259 2385 9
1286 2362 1451 2386 reuersus
1477 2371 1521 2376 -
1548 2351 1697 2385 offeren-

282 2411 354 2440 tem
379 2407 445 2440 Κἠ
498 2407 539 2439 10
565 2406 686 2440 inueni
712 2407 783 2440 ΕΚ
835 2406 878 2439 13
904 2405 1045 2448 iniuria]
1069 2408 1107 2445 -l-
1129 2405 1310 2439 adduxero
1335 2405 1376 2438 K
1426 2405 1467 2438 15
1493 2407 1596 2438 antea
1622 2405 1700 2438 ΕΚ

282 2460 470 2494 redeamus
495 2459 573 2493 ΕΚ
639 2459 679 2492 17
707 2458 853 2503 sciente]
878 2458 1052 2493 sentiente
1079 2460 1113 2492 E
1187 2459 1229 2492 19
1256 2458 1407 2500 carcere]
1438 2461 1475 2498 -4-
1505 2461 1596 2492 esset
1623 2459 1699 2492 ΕΚ

282 2515 327 2546 20
352 2512 418 2546 sibi
446 2512 527 2546 fecit
552 2513 594 2546 K
663 2512 702 2545 21
733 2512 853 2555 quem]
882 2515 920 2553 -Ι-
950 2516 983 2547 et
1009 2513 1084 2546 ΕΚ
1155 2513 1198 2545 :222
1232 2522 1324 2555 spec.
1352 2510 1468 2554 ualde]
1499 2510 1695 2545 admodum

282 2577 374 2610 spec.
394 2566 467 2599 ΕΚ
515 2565 560 2599 23
587 2565 686 2599 duxit
712 2566 752 2599 K
805 2566 848 2599 27
876 2565 920 2602 eil
946 2577 998 2600 om
1025 2565 1097 2600 BT
1152 2566 1196 2598 2³2)
1223 2563 1327 2608 esset]
1351 2567 1423 2598 erat
1453 2565 1506 2598 Ks
1530 2566 1569 2604 -1-
1600 2563 1630 2598 ei
1658 2564 1699 2597 K

281 2621 320 2654 31
352 2619 470 2654 omnis
499 2617 612 2658 T¹13¹;
639 2621 673 2652 et
699 2618 786 2661 glor.
811 2620 869 2652 Tm
