1834 2967
713 178 762 182 ...-
823 167 834 194 l
900 179 942 183 .-.

564 278 742 332 Incipit
774 278 1074 320 miraculum.

118 348 233 435 Fuit
263 349 417 398 quidmn
446 350 504 388 uir
540 350 776 400 temporibus
806 349 975 387 Heraclii
1012 349 1172 399 piissimi
1210 349 1448 399 imperatoris
1487 351 1525 388 in

206 409 446 458 religiositate
475 408 719 459 precognitus
749 413 785 446 et
815 408 855 446 in
885 407 1024 446 diuitiis
1052 408 1313 458 locupletatus,
1349 409 1526 448 nomine*

122 467 360 506 Theodorus.
419 467 489 505 Hic
518 467 620 505 enim
649 467 818 505 habebat
847 479 990 505 nauem
1027 467 1323 516 grandissimam
1361 470 1526 511 ualde,

119 527 271 576 negotia
289 526 503 565 marinaria
523 538 706 564 exercens
736 538 824 563 cum
845 538 889 563 ea
913 525 1123 574 sepissime,
1153 539 1175 564 a
1195 526 1525 576 Constantinopoli
1582 542 1604 564 ‚J

118 584 250 623 exiens
278 585 358 624 ibat
385 584 424 623 in
455 584 624 634 partibus
645 583 813 622 orientis.
851 584 1030 631 Quodam
1059 598 1218 634 namque
1246 590 1418 635 tempore
1438 599 1525 623 cum

118 644 337 694 nauigasset
365 649 401 682 et
430 644 528 682 bene
558 643 687 681 omnia
716 644 808 681 sua&
843 643 994 693 negotia
1023 644 1254 682 exercuisset
1291 649 1328 682 et
1365 645 1413 682 ad
1441 657 1525 693 pro—

119 702 242 752 priam
284 704 442 741 domum
488 702 546 740 uel
597 702 760 752 patriam
806 707 997 740 reuertere
1042 702 1238 749 uoluisset,
1286 702 1438 742 deuenit
1486 703 1523 740 in

120 762 314 811 quendam
342 762 469 800 locum
492 761 743 799 bithalassum
769 765 882 811 atque
910 775 933 800 a
960 761 999 799 ui
1026 767 1234 800 uentorum
1253 767 1386 800 coacta
1414 762 1524 800 nauis

117 820 253 859 decidit
281 823 322 858 in
351 822 460 869 sicco,
496 823 549 858 ita
584 825 625 858 ut
662 820 821 859 omnino
858 820 1172 871 periclitarentur.
1227 821 1358 870 Itaque
1395 820 1524 860 eiectio
1559 821 1605 858 10

115 879 392 917 lzenthiciorum
411 879 521 925 facta,
550 879 613 917 uix
634 880 864 929 quandoque
880 879 1012 918 nauim
1032 893 1197 918 uacuam
1216 880 1305 918 inde
1325 881 1524 919 extrahere

115 944 321 988 potuerunt
363 943 400 977 et
441 939 556 977 rebus
599 939 780 977 omnibus
820 938 978 989 perditis
1014 938 1078 977 uix
1116 945 1322 989 potuerunt
1361 940 1523 978 euadere

116 997 370 1048 naufragium.
426 998 583 1036 Demum
619 999 784 1036 exinde
821 998 906 1036 uela
942 998 1115 1036 leuantes
1150 998 1522 1049 Constantinopolim

114 1057 365 1095 deuenerunt.
439 1057 480 1095 In
530 1057 706 1107 angustia
753 1057 909 1108 quippe,
958 1056 1201 1096 tribulatione
1247 1071 1389 1108 magna
1434 1071 1522 1096 cum

113 1116 330 1155 deuenisset
376 1116 478 1155 idem
524 1116 764 1163 Theodorus⁷
811 1116 1030 1155 consiliatus
1073 1122 1129 1155 est
1169 1118 1337 1155 uendere
1377 1116 1523 1167 ipsam*
1556 1117 1601 1153 15

115 1188 257 1214 nauem
284 1189 393 1214 suam
422 1180 458 1213 et
487 1175 606 1213 uitam
633 1174 782 1214 imitare
808 1175 1086 1214 monachicam.
1144 1176 1242 1214 Cum
1262 1181 1390 1214 autem
1420 1176 1522 1223 infra

113 1234 362 1285 semetipsum
391 1235 463 1273 hec
491 1234 703 1284 cogitasset,
739 1235 998 1273 manifestauit
1028 1234 1211 1274 continuo
1248 1248 1317 1274 sue
1356 1235 1520 1285 coniugi.

112 1293 179 1332 Illa
205 1307 311 1340 uero,
350 1299 391 1332 ut
420 1298 500 1332 erat
528 1293 664 1343 pudica
702 1299 738 1332 et
766 1300 871 1332 casta
900 1293 1053 1341 femina,
1092 1300 1133 1333 ut
1170 1294 1317 1333 audiuit
1353 1294 1425 1333 uiri
1463 1294 1521 1333 sui

112 1353 328 1399 consilium,
373 1353 444 1392 ait:
487 1352 654 1400 Festina,
693 1353 847 1391 domine
885 1353 951 1400 mi,
994 1353 1224 1404 adimple1·e'³÷
1261 1354 1335 1392 hoc
1373 1354 1519 1392 bonum

112 1412 314 1452 consilium
342 1426 395 1450 ac
415 1414 718 1462 propositum
748 1418 784 1451 et
813 1425 893 1450 non
923 1413 1170 1463 prolongetur
1198 1413 1270 1452 hec
1298 1419 1380 1452 tua
1418 1413 1519 1451 bona
1549 1413 1600 1449 20

111 1471 307 1523 professio.
363 1470 443 1510 Scit
471 1471 574 1509 enim
603 1471 808 1510 retardatio
836 1472 1097 1522 penitudinem
1126 1485 1269 1522 gerere.

217 1531 390 1569 Exeunte
427 1535 555 1569 autem
593 1531 728 1569 eodem
757 1531 961 1569 Theodoro
999 1545 1021 1569 a
1050 1532 1164 1570 domo
1194 1545 1274 1578 sua⁷
1317 1537 1356 1570 ut
1385 1531 1454 1570 iret
1484 1537 1519 1570 et

111 1590 295 1628 uenderet
332 1602 475 1628 nauem
515 1603 639 1636 suam⁷
682 1589 851 1628 obuiauit
889 1590 922 1628 ei
961 1590 1116 1639 quidam
1153 1590 1401 1629 karissimus*
1439 1591 1519 1629 eius

111 1649 258 1687 amicus
278 1647 292 1698 Η
314 1654 350 1688 et
377 1648 514 1688 uidens
543 1662 633 1687 eum
653 1649 765 1687 ualde
793 1648 989 1696 afflictum,
1019 1649 1165 1688 tristem
1194 1655 1230 1688 et
1259 1649 1518 1699 angustiatum
1538 1660 1661 1694 W158

110 1721 177 1758 per
214 1708 357 1756 omnia,
399 1707 449 1747 ajt
489 1710 541 1746 ad
578 1722 678 1747 eum:
720 1708 829 1755 Ecce,
868 1708 1023 1747 domine
1052 1709 1266 1755 Theodore,
1303 1710 1415 1747 multi
1443 1708 1518 1747 iam
1548 1714 1597 1751 25

110 1772 200 1805 sunt
229 1767 322 1814 dies⁷
352 1780 398 1805 ex
427 1780 503 1816 quo
533 1772 568 1805 te
598 1780 677 1806 non
706 1766 794 1806 uidi.
852 1768 897 1806 Et
926 1781 1031 1806 nunc
1058 1767 1169 1806 uideo
1206 1772 1242 1806 te
1279 1770 1426 1806 tristem
1462 1769 1519 1806 esx-

109 1826 225 1864 nimis
246 1825 440 1864 afflictum.
496 1825 598 1873 Non,
628 1839 759 1876 queso⁷
790 1827 970 1877 desperes
1000 1833 1042 1865 te
1062 1839 1130 1877 pro
1160 1839 1204 1864 eo
1235 1827 1335 1876 quod
1363 1826 1403 1865 in
1423 1827 1518 1876 peri-

108 1886 192 1923 culo
231 1885 434 1924 incurristi.
492 1885 600 1924 Valet
636 1885 741 1924 enim
779 1886 958 1924 dominus
995 1891 1126 1924 noster
1167 1886 1301 1924 Ihesus
1342 1885 1518 1924 Christus

109 1944 305 1982 restituere
334 1944 401 1982 tibi
430 1957 475 1983 ea
503 1957 576 1994 que
605 1944 812 1995 perdidisti,
842 1945 980 1983 etiam÷
1008 1950 1044 1984 et
1073 1944 1251 1995 pluriora.
1297 1945 1382 1995 Ipse
1401 1948 1517 1984 enim

107 2004 237 2042 dator*
266 2008 323 2041 est
352 2003 527 2042 omnium
547 2004 740 2042 bonorum
760 2009 796 2042 et
817 2016 904 2054 spes
934 2009 990 2042 est
1023 2006 1189 2042 omnium
1218 2003 1515 2053 desperantium.
1546 2011 1598 2048 30

107 2061 177 2100 Cui
207 2061 457 2100 Theodorus*
484 2061 552 2101 ait:
583 2062 670 2100 Scio
699 2067 736 2101 et
765 2075 846 2112 ego,
877 2062 1118 2101 dilectissime
1148 2062 1273 2109 frater,
1302 2068 1336 2100 et
1365 2063 1516 2101 confido

106 2123 197 2172 quia
226 2126 380 2171 propter
406 2135 526 2159 meam
556 2121 719 2160 salutem
747 2123 821 2160 hoc
853 2121 933 2160 fieri
963 2121 1134 2172 permisit
1162 2121 1276 2159 Deus.

213 2180 324 2218 Tunc
353 2180 580 2218 Theodorus
615 2180 877 2219 manifestauit
915 2181 947 2219 ei
983 2180 1184 2219 consilium
1223 2193 1338 2219 suum
1366 2180 1514 2220 dicens:

106 2239 198 2290 Ego,
233 2238 432 2277 karissime
467 2240 646 2288 frater,
684 2240 852 2278 uendere
888 2240 976 2278 uolo
1007 2253 1146 2278 nauem
1175 2252 1302 2278 meam
1337 2245 1373 2279 et
1409 2241 1515 2278 abre-

106 2297 285 2337 nuntiare
311 2297 402 2336 huic
431 2298 571 2337 seculo.
627 2298 673 2336 Et
702 2298 753 2336 ait
781 2298 814 2336 ei
843 2299 989 2337 amicus
1010 2299 1108 2338 eius:
1137 2299 1223 2337 Non
1244 2299 1372 2346 facias,
1401 2299 1515 2338 frater
1544 2306 1594 2343 35,

106 2358 170 2403 mi,
202 2359 316 2396 modo
346 2358 420 2395 hoc
449 2358 550 2406 quod
580 2357 684 2404 dieisy
720 2358 786 2396 sed
815 2357 903 2396 audi
932 2370 994 2396 me
1022 2363 1058 2396 et
1087 2371 1201 2409 perge
1234 2359 1282 2396 ad
1311 2363 1514 2397 consuetos

210 2448 231 2479 5
250 2444 600 2489 Constantinopolim
614 2446 672 2479 Ms
712 2445 735 2479 8
752 2447 886 2479 reverti
906 2445 943 2479 ΞΓ
981 2446 1002 2478 9
1021 2445 1261 2490 bithalapsum
1276 2446 1335 2479 MS
1377 2446 1420 2479 16
1438 2445 1514 2478 imi-

102 2502 173 2533 tari
197 2499 235 2533 ΞΓ
272 2499 320 2532 ⁶20
344 2501 406 2532 tua
432 2499 469 2531 ΞΒ
507 2498 552 2532 2-2
579 2498 698 2532 eodem
715 2498 904 2533 Tbeodoro
922 2512 964 2527 =
979 2499 1036 2539 2r;
1062 2498 1158 2533 idem
1176 2498 1385 2533 Theodorus
1414 2499 1451 2531 1a
1472 2497 1513 2539 (2³)

102 2552 147 2586 25
172 2551 278 2586 multi
304 2566 345 2580 =
365 2553 403 2585 εἶτ
448 2552 493 2585 28
518 2562 592 2585 non
621 2566 661 2579 z
689 2552 746 2591 Qr;
772 2551 845 2585 noli
874 2553 911 2585 1ss
933 2551 972 2593 (22)
