1834 2967
275 284 364 309 cum
393 270 500 309 omni
529 271 644 308 domo
675 284 756 309 sua.
813 271 886 318 Qui
917 271 1045 309 statim
1075 270 1285 309 catezizans
1323 270 1528 320 baptizauit
1557 284 1622 310 eos
1651 271 1691 309 in

275 329 432 368 nomine
452 329 577 368 Patris
606 335 642 368 et
663 330 746 368 Filii
776 335 812 368 et
833 329 997 379 Spiritus
1027 329 1160 368 sancti.
1209 329 1314 367 Fuit
1334 334 1486 368 autem
1506 342 1691 368 numerus

275 388 494 427 animarum
523 389 723 438 utriusque
753 402 869 427 sexus
898 388 1138 439 septuaginta
1167 389 1348 438 quinque.

382 448 475 487 Post
503 449 583 487 dies
612 461 704 486 uero
735 453 882 498 septem
911 447 1088 498 baptismi
1128 460 1262 486 eorum
1291 447 1458 497 precepit
1499 446 1578 485 fieri
1607 447 1692 497 piis—

222 509 246 546 5
275 506 396 545 simus
425 507 633 558 imperator
660 507 821 546 letanias
860 520 924 557 per
953 513 1072 545 totam
1102 507 1238 545 urbem
1277 511 1322 545 et
1352 511 1393 544 ut
1430 506 1530 544 irent
1558 519 1694 544 omnes

132 572 158 606 E
173 572 261 606 138v
279 567 324 604 ad
344 567 473 605 locum
494 572 657 616 quatuor
678 567 985 616 columpnarum,
1005 566 1072 604 ubi
1092 564 1107 616 ΙΙ
1127 566 1357 604 miraculum
1378 566 1520 604 fuerat*
1539 565 1693 604 factum.

174 631 255 665 863
282 625 467 675 Egressus
497 631 625 664 autem
654 639 722 675 per
751 638 792 664 se
812 624 827 675 ΙΙ
849 625 1043 675 piissimus
1072 626 1279 675 imperator
1308 638 1386 663 una
1416 637 1502 663 cum
1531 624 1695 662 Proculo

275 685 575 735 archiepiscopo,
606 698 695 723 cum
724 685 832 723 omni
861 685 961 723 clero
991 690 1026 722 et
1055 684 1208 734 populo,
1247 690 1283 722 et
1312 685 1409 722 facte
1438 688 1529 722 sunt
1555 683 1695 722 letanie

275 757 415 793 magne
445 745 567 782 ualde.
626 743 832 782 Venientes
862 749 990 781 autern
1020 744 1068 781 ad
1089 748 1252 792 quatuor
1281 743 1507 792 columpnas
1536 748 1570 781 et
1598 743 1695 781 facta

199 804 248 841 10
276 802 448 841 oratione
462 817 545 841 cum
554 804 733 852 precibus
744 804 888 849 multis,
909 802 1076 852 precepit
1097 803 1304 852 imperator
1318 803 1507 840 adducere
1526 802 1695 840 loculum

276 862 383 900 illum
398 875 487 900 cum
507 875 602 900 auro
623 867 659 899 et
679 861 850 911 epistola.
895 862 1020 908 Quam
1035 861 1235 911 epistolam
1252 861 1337 900 fecit
1351 866 1441 899 ante
1461 860 1696 911 presentiam

277 920 400 959 tocius
430 920 560 971 populi
588 921 724 970 legere.
784 920 869 967 Qua
898 921 1062 970 perlecta
1100 925 1367 970 cognouerunt
1401 933 1537 958 omnes
1566 919 1695 970 populi

277 978 450 1018 miraculi
477 979 786 1029 magnitudinem
816 984 851 1017 et
880 979 1061 1017 uirtutem
1082 977 1237 1017 Domini
1258 978 1378 1017 nostri
1398 980 1518 1017 Ikesu
1551 980 1697 1017 Christi

278 1051 430 1077 necnon
463 1043 500 1076 et
520 1038 636 1076 fidem
657 1038 808 1075 firmam
830 1037 1024 1076 Theodori
1045 1051 1162 1086 quam
1193 1040 1232 1075 in
1253 1040 1336 1087 ipso
1364 1038 1543 1076 habebat.
1586 1037 1697 1075 Tunc

201 1099 247 1137 15
276 1097 444 1147 precepit
464 1097 672 1147 imperator
691 1097 828 1135 donari
848 1109 987 1135 aurum
1007 1096 1111 1142 illud,
1142 1096 1262 1135 sicut
1291 1097 1459 1144 fuerat,
1491 1102 1622 1135 sancte
1641 1096 1696 1135 in·

278 1156 424 1207 magini
439 1156 645 1202 Domini3
676 1156 846 1194 loculum
865 1161 995 1194 autem
1014 1155 1124 1193 iussit
1144 1155 1309 1206 appendi
1338 1161 1427 1194 ante
1447 1161 1694 1206 conspectum

278 1215 371 1254 eius.
428 1216 475 1254 Et
504 1220 562 1254 est
590 1215 642 1253 ibi
662 1228 785 1264 usque
806 1215 854 1253 ad
882 1219 1103 1265 presentem
1123 1214 1224 1253 diem
1254 1216 1302 1253 ad
1322 1214 1590 1253 certitudinem
1610 1215 1696 1253 fidei

278 1274 454 1313 omnium
482 1274 777 1313 audientium
806 1279 942 1323 atque
971 1273 1214 1313 intuentium.

385 1393 478 1430 Post
515 1393 587 1431 hec
623 1397 754 1430 autem
793 1392 885 1430 abiit
922 1392 1152 1431 Theodorus
1194 1405 1274 1431 una
1310 1405 1399 1431 cum
1427 1391 1612 1431 Abramio
1647 1393 1695 1431 ad

198 1453 250 1491 20
280 1464 432 1499 nauem,
479 1456 520 1489 ut
565 1451 741 1490 uiderent
783 1457 964 1501 stagnum
1005 1458 1041 1490 et
1082 1451 1285 1501 plumbum
1328 1452 1429 1501 quod
1472 1452 1694 1490 adduxerat.

278 1511 390 1558 Quod
418 1510 613 1550 intuentes
643 1510 943 1560 diligentissime,
986 1516 1023 1549 et
1059 1524 1146 1549 ecce
1182 1516 1362 1561 stagnum
1392 1524 1507 1550 omne
1537 1524 1696 1550 conuer-

278 1583 365 1609 sum
408 1575 489 1609 erat
530 1570 569 1608 in
607 1570 923 1620 probatissimum
965 1575 1187 1620 argentum⁷
1239 1572 1342 1620 quod
1389 1571 1525 1609 dicitur
1566 1576 1695 1621 penta-

279 1629 467 1680 sfragitim
497 1629 569 1678 (=
590 1628 989 1679 pentasphraqiston),
1018 1630 1220 1680 plumbum
1253 1643 1344 1668 uero
1374 1636 1589 1680 argentum,
1629 1631 1695 1668 sed

281 1702 361 1728 non
390 1689 444 1727 sic
472 1694 691 1739 purgatum.
747 1689 994 1727 Admirantes
1023 1694 1153 1727 autem
1189 1702 1303 1739 super
1332 1690 1400 1727 Dei
1437 1689 1631 1740 magnalia
1660 1695 1695 1727 et

199 1750 249 1788 :25
279 1748 600 1795 benedictionem,
632 1748 896 1798 glorificabant
925 1748 1006 1786 eius
1040 1747 1240 1795 mirabilia,
1278 1751 1387 1799 siyna
1416 1763 1555 1800 magma
1583 1755 1695 1799 atque

276 1810 469 1858 prodiqia.
511 1808 557 1846 Et
586 1808 887 1846 adnumerantes
915 1806 1150 1846 inuenerunt
1179 1808 1398 1846 centenaria
1426 1808 1546 1847 multa
1566 1807 1692 1846 nimis.

278 1866 486 1906 Abramius
533 1873 662 1905 autem
710 1866 803 1904 dixit
850 1867 898 1904 ad
946 1867 1210 1905 Theodorum:
1268 1867 1433 1905 Domine
1480 1867 1692 1914 Theodore,

279 1925 429 1965 decreui
459 1926 498 1964 in
529 1926 658 1965 animo
687 1939 774 1964 meo
804 1931 952 1976 partem
982 1939 1108 1964 meam
1139 1927 1185 1964 de
1214 1931 1372 1976 argento
1411 1928 1544 1965 offerre
1573 1926 1693 1965 domi—

137 1985 407 2027 1<120vnat0ri
437 1999 524 2024 meo
553 1986 666 2024 Ibesu
697 1985 849 2024 Christo
880 1985 945 2034 qui
973 1998 1035 2024 me
1064 1985 1215 2024 saluum
1237 1983 1251 2035 ΙΙ
1272 1985 1357 2024 fecit
1387 1991 1422 2024 et
1459 1986 1595 2024 direxit
1632 1999 1694 2024 me

200 2048 252 2084 30
279 2046 331 2083 ad
359 2046 519 2083 salutem
548 2051 582 2083 et
620 2046 666 2083 ad
707 2044 826 2083 uitam
866 2050 1050 2083 eternam.
1108 2043 1177 2082 Cui
1208 2044 1436 2083 Theodorus
1479 2045 1692 2095 respondit:

280 2104 384 2142 Bene
418 2103 681 2151 considerasti,
720 2104 875 2142 domine
913 2103 966 2142 mi
1002 2104 1174 2142 Abrami.
1226 2105 1347 2142 Crede
1385 2104 1501 2142 michi
1543 2104 1630 2154 quia
1657 2111 1694 2143 et

280 2176 348 2212 ego
388 2163 464 2201 hoc
507 2163 676 2213 disposui
720 2163 855 2202 facere.
919 2162 1192 2201 Conuencione
1228 2169 1355 2202 autem
1394 2164 1502 2210 sacta,
1543 2163 1693 2213 utrique

280 2222 502 2261 obtulerunt
530 2228 733 2273 argentum
762 2222 888 2272 ipsum
918 2222 957 2260 in
987 2227 1119 2261 sancta
1149 2222 1229 2261 Dei
1261 2224 1426 2273 Sophya.

386 2281 559 2320 Audiens
589 2287 718 2320 autem
739 2282 948 2332 imperator
975 2281 1119 2320 bonam
1148 2282 1298 2320 illorum
1320 2282 1560 2321 affectionem
1580 2288 1693 2331 atque

199 2343 250 2380 35
280 2340 532 2390 propositum,
562 2341 715 2379 laudem
745 2341 845 2380 dedit
876 2341 955 2380 Deo
984 2341 1105 2379 datori
1135 2342 1309 2380 omnium
1340 2342 1542 2381 bonorum.
1592 2341 1692 2380 Fecit

280 2400 406 2449 itaque
429 2400 556 2438 uocari
579 2400 819 2447 Zacharium,
849 2400 1016 2450 primum
1037 2401 1297 2450 argentarium
1324 2401 1442 2447 urbis,
1472 2406 1506 2440 et
1528 2401 1691 2451 precepit

392 2538 404 2570 1
435 2538 508 2580 eos]
539 2540 578 2578 -l-
608 2537 832 2571 cathezizans
864 2539 915 2579 Κς
952 2539 1084 2573 cathez.
1105 2540 1140 2572 Ε
1202 2541 1243 2572 10
1268 2539 1392 2573 adduci
1421 2540 1493 2573 Eis
1557 2539 1597 2572 12
1624 2537 1691 2580 legi

283 2592 355 2624 ΕΚ
408 2591 446 2624 17
466 2591 539 2633 a‹l¹l
567 2591 602 2624 in
625 2591 698 2624 ΕΚ
743 2592 788 2624 26
806 2603 953 2626 annum.
973 2593 1047 2626 ΕΚ
1094 2593 1136 2626 27
1165 2593 1351 2627 Theodoro
1370 2593 1442 2626 ΕΚ
1491 2593 1534 2624 33
1560 2591 1691 2635 Sophia

282 2646 351 2678 ΕΚ
402 2646 446 2677 :3ss
473 2645 576 2678 Zacli.
596 2644 715 2678 uocari
743 2645 782 2678 K
